2002 3042
210 182 310 228 100
507 184 876 235 JJANFALE
916 188 1576 243 MISSIONARJORVJI

1005 379 1078 430 ΙΙ.

799 484 1286 538 BENEDICTIO.

282 628 324 677 1.
403 628 721 697 S‹³apularis
756 630 1062 681 benedictio
1099 639 1177 683 est
1215 651 1386 684 unum
1425 653 1487 685 ex
1526 638 1872 689 substantial-

208 706 343 755 ibus.

278 811 324 860 2.
404 810 541 860 Cum
596 812 900 874 scapularis
954 814 1259 865 benedictio
1312 816 1382 866 sit
1438 817 1633 868 Ordini
1690 827 1875 870 nostro

207 895 481 939 reservata
516 907 545 939 a
583 889 860 941 Clemente
893 892 979 941 XI
1013 893 1100 943 die
1135 894 1201 942 24
1235 895 1367 944 Nov.
1405 896 1555 956 1702,
1589 900 1874 960 scapulare

208 969 586 1017 tantummodo
622 969 869 1019 benedici
907 970 1066 1020 debet
1101 988 1129 1020 a
1167 973 1444 1023 sacerdote
1483 974 1708 1025 Ordinis
1747 975 1875 1025 Car-

207 1045 428 1094 melitici
459 1047 542 1096 vel
572 1046 678 1095 alio
707 1047 777 1096 ad
805 1047 903 1096 hoc
930 1047 1242 1110 specialiter
1270 1050 1532 1112 delegato,

276 1150 320 1199 3.
399 1150 567 1200 Plura
594 1150 905 1213 scapularia
935 1152 1267 1203 carmelitica
1295 1153 1457 1204 simul
1484 1155 1728 1205 benedici
1756 1173 1875 1220 pos-

203 1233 347 1278 sunt.

273 1334 319 1382 4.
396 1333 486 1382 Ad
522 1333 953 1384 benedicendum
990 1335 1170 1385 valide
1209 1337 1493 1399 scapulare
1532 1354 1641 1386 non
1677 1338 1873 1388 sufficit

204 1410 421 1472 signum
465 1411 642 1461 crucis
686 1428 851 1461 manu
894 1412 1241 1463 efformatum
1284 1431 1454 1477 super
1491 1415 1630 1465 illud
1673 1417 1874 1478 absque

203 1489 315 1537 ulla
349 1490 639 1538 verborum
673 1489 1126 1552 pronuntiatione
1159 1497 1209 1542 et
1244 1508 1415 1554 aquae
1448 1493 1762 1544 benedictae
1795 1511 1874 1543 as-

204 1566 467 1629 persione,
507 1567 597 1617 sed
636 1567 941 1618 benedictio
980 1568 1349 1620 facienda-est
1385 1570 1538 1620 iuxta
1578 1570 1873 1621 formulam

205 1644 602 1707 praescriptam
633 1646 701 1695 ad
731 1662 961 1695 norman
989 1646 1192 1697 decreti
1224 1648 1286 1697 18
1317 1649 1460 1710 Aug.
1493 1649 1642 1711 1868,
1674 1665 1724 1698 n.
1755 1649 1871 1698 421.

190 1765 193 1768 ·
274 1743 320 1791 5.
399 1742 699 1804 Scapulare
745 1743 806 1792 B.
853 1744 924 1792 M.
972 1744 1036 1793 V.
1084 1745 1149 1794 de
1193 1745 1378 1794 Monte
1423 1745 1671 1796 Carmelo
1715 1746 1871 1796 debet

203 1820 499 1883 separatim
527 1821 593 1870 ab
620 1820 742 1870 aliis
767 1837 876 1871 non
907 1820 1271 1872 Carmeliticis
1297 1823 1541 1872 benedici
1568 1841 1630 1873 ex
1657 1824 1872 1873 decreto

203 1898 398 1948 Leonis
421 1898 587 1961 XIII,
612 1899 676 1949 27
702 1899 838 1962 Apr.
866 1900 1017 1948 1887.

273 1996 318 2045 6.
397 1996 659 2046 Sacerdos
698 1997 942 2058 gaudens
983 1997 1249 2047 facultate
1290 1997 1643 2048 benedicendi
1684 2016 1870 2062 scapu-

202 2075 315 2124 lare
357 2074 753 2123 carmeliticum
795 2074 999 2137 poterit
1041 2075 1122 2124 uti
1170 2092 1510 2138 quacumque
1554 2094 1617 2126 ex
1661 2077 1870 2128 duabus

202 2152 456 2201 formulis
500 2157 691 2214 utpote
737 2151 793 2201 in
841 2153 1144 2216 appendice
1192 2153 1428 2203 Ritualis
1477 2155 1704 2204 Romani
1751 2172 1873 2204 eon-

201 2230 382 2279 tentis.

274 2329 319 2378 7.
399 2327 647 2379 Clemens
691 2330 841 2393 Papa
889 2329 974 2379 XI
1019 2330 1106 2381 die
1149 2331 1215 2379 24
1259 2331 1392 2381 Nov.
1438 2331 1587 2389 1702,
1630 2331 1867 2394 primum

201 2411 417 2454 tantum
454 2407 740 2469 scapulare
776 2407 1015 2458 decrevit
1053 2409 1246 2460 debere
1279 2426 1388 2460 esse
1424 2409 1768 2460 benedictum
1805 2410 1866 2459 ab

203 2483 434 2533 habente
470 2485 538 2534 ad
576 2486 672 2535 hoe
709 2485 1048 2537 facultatem.

274 2582 319 2632 8.
398 2582 580 2631 Unum
630 2583 901 2646 idemque·
930 2585 1215 2650 scapulare
1263 2591 1441 2648 potest
1492 2585 1745 2649 pluribus
1795 2584 1870 2633 in-

204 2660 437 2709 duendis
478 2661 757 2724 inservire,
801 2662 891 2711 sed
933 2663 1171 2725 primum
1215 2665 1500 2726 scapulare.
1540 2664 1682 2726 quod
1724 2663 1869 2712 dein-
