2002 3042
910 334 1032 386 XV.

377 484 469 528 DE
523 484 838 528 SOLEMNI
893 481 1581 526 COMMEMORATIONE

711 552 1248 596 DEFUNCTORUM

221 738 265 786 1.
342 735 574 785 “Primo
619 751 774 785 mane
821 740 943 798 post
1006 734 1244 783 clausam
1307 733 1628 795 missionem,
1674 733 1807 782 hora

149 814 352 876 populo
388 812 678 875 commoda,
717 811 1029 861 solemniter
1063 811 1364 860 celebretur
1400 809 1560 860 missa
1596 827 1696 873 pro
1732 826 1808 859 re-

152 884 378 951 frigerio
423 888 664 939 omnium
707 888 855 938 illius
895 887 1013 949 loci,
1055 887 1150 937 ubi
1192 886 1371 936 missio
1415 886 1540 949 fuit,
1585 887 1809 937 defunc-

151 972 347 1016 torum.
420 966 664 1028 Populus
698 965 1016 1028 tempestive
1053 965 1116 1014 de
1152 965 1250 1013 1130
1288 981 1345 1014 10
1381 970 1694 1014 moneatur:
1732 969 1810 1013 est

151 1059 385 1105 namque
429 1059 628 1104 magna
670 1058 770 1105 pro
815 1041 956 1092 vivis
1000 1046 1051 1091 et
1096 1040 1376 1090 defunctis
1419 1040 1712 1090 consolatio
1759 1046 1810 1090 et

151 1124 418 1182 quotquot
457 1124 686 1182 possunt
725 1117 851 1168 huic
891 1118 1055 1169 Sacro
1094 1117 1367 1167 intersint.
1443 1117 1508 1165 In
1551 1117 1679 1168 locis
1718 1117 1811 1166 ubi

151 1196 498 1247 cemeterium
527 1195 757 1246 ecclesiae
783 1195 1038 1257 junctum
1065 1200 1158 1256 est,
1187 1194 1231 1243 si
1259 1195 1434 1244 clerus
1461 1210 1583 1243 cum
1609 1195 1811 1257 populo

156 1274 427 1323 cantando
460 1273 717 1323 Miserere
763 1273 885 1334 (aut
920 1272 1199 1323 recitando
1236 1271 1550 1331 R-osarium)
1596 1278 1814 1321 cemete-

152 1350 295 1399 rium
343 1349 692 1411 circumeant,
743 1348 956 1399 devotio
1003 1349 1180 1399 adhuc
1228 1349 1463 1398 multum
1512 1347 1811 1411 augetur.''

153 1428 239 1477 Ita
279 1428 337 1477 P.
376 1428 499 1477 Van
538 1427 603 1477 de
640 1426 975 1476 Kerckhove.

168 1581 174 1588 .
216 1518 263 1567 2.
338 1517 514 1567 Addit
539 1518 598 1567 P.
623 1515 885 1567 Henriet:
945 1516 1114 1566 “Hac
1140 1515 1415 1566 occasione
1440 1514 1813 1565 missionarius

153 1593 411 1644 excitabit
446 1593 784 1644 devotionem
818 1609 929 1656 pro.
953 1592 1237 1643 animabus
1272 1592 1329 1642 in
1364 1592 1691 1655 Purgatorio
1728 1593 1813 1642 de-

151 1671 333 1732 tentiS,
362 1687 479 1733 quae
501 1670 704 1734 passim
727 1669 986 1720 oblivioni
1010 1669 1327 1741 traduntur,
1355 1686 1477 1719 cum
1501 1675 1683 1720 tamen
1705 1686 1813 1719 non

153 1748 259 1797 nisi
285 1749 350 1798 ab
375 1747 442 1798 iis
465 1747 558 1810 qui
582 1748 758 1798 adhuc
783 1746 842 1796 in
866 1746 1028 1797 terris
1054 1748 1275 1810 degunt,
1303 1746 1562 1808 adjuvari
1587 1746 1811 1810 possint.

154 1826 373 1875 Moneat
409 1824 593 1875 fideles
627 1830 705 1885 ut,
742 1825 872 1874 dum
908 1824 1378 1886 tempus-habent,
1415 1823 1600 1873 sedulo
1637 1823 1813 1873 media

155 1901 451 1951 adhibeant
488 1902 683 1963 quibus
718 1917 902 1963 poenae
937 1901 1262 1963 temporales
1298 1899 1355 1949 in
1390 1901 1489 1950 1130
1525 1900 1638 1950 vita
1676 1899 1814 1949 dilui

153 1984 408 2042 possunt3
438 1977 581 2039 item,
612 1995 677 2028 ne
707 1977 1102 2040 susceptionem
1128 1982 1592 2028 sacramentorum
1620 1993 1814 2027 exeun-

154 2056 293 2105 tium
322 2055 532 2105 diutius
560 2054 835 2105 differant.
851 2053 885 2075 ''

226 2146 271 2195 3.
347 2145 469 2195 Non
518 2161 643 2195 1310
692 2143 884 2194 melius
933 2143 1037 2195 erit
1086 2145 1375 2194 solemnem
1426 2143 1814 2194 defunctorum

154 2221 729 2284 commemorationem,
770 2238 879 2271 non
916 2226 1039 2285 post
1081 2222 1319 2271 clausam
1360 2220 1682 2283 missionem,
1721 2222 1814 2271 sed

157 2299 393 2349 Sabbato
432 2298 580 2349 intra
620 2297 925 2348 missionem
963 2298 1174 2348 habere.
1250 2297 1387 2348 “Ita
1426 2297 1737 2348 allicientur
1777 2297 1815 2346 ii

156 2374 248 2437 qui
297 2376 541 2425 nondum
591 2376 662 2425 ad
712 2373 969 2426 exercitia
1036 2380 1306 2424 venerunt
1374 2373 1573 2436 quique
1628 2374 1814 2424 forsan

155 2468 367 2502 omnem
407 2451 721 2513 religiosum
760 2468 992 2514 sensum,
1033 2457 1234 2514 praeter
1273 2452 1482 2501 cultum
1522 2457 1815 2515 parentum

156 2529 559 2591 defunctorum,
593 2527 929 2579 exuerunt.''
999 2528 1086 2578 Ita
1120 2529 1179 2579 P.
1213 2529 1338 2578 Van
1373 2527 1507 2578 Sull.

227 2619 273 2668 4.
350 2619 729 2669 Exhortentur
762 2634 944 2669 omnes
980 2618 1163 2668 fideles
1198 2623 1260 2668 ut
1296 2618 1396 2667 hac
1435 2618 1521 2668 die
1558 2619 1627 2669 ad
1666 2617 1816 2669 Com-

158 2695 467 2745 munionem
500 2712 600 2759 pro
633 2694 745 2746 suis
779 2694 1056 2745 defunctis
1089 2695 1364 2745 accedant.
