2002 3042
245 209 307 255 16

513 195 516 199 ’
539 208 703 256 MAN
713 208 910 257 UALE
949 208 1394 258 MISSIONARI
1404 209 1609 260 ORUM

387 408 479 450 aut
520 401 783 452 Moniales
820 409 940 464 post
979 408 1164 451 votum
1201 403 1433 453 solemne
1472 403 1742 453 castitatis
1779 409 1908 452 mat-

386 478 678 527 rimonium
704 479 1024 529 contrahere
1050 485 1465 542 praesumentes3
1492 496 1702 530 necnon
1728 496 1910 529 omnes

386 571 508 605 cum
553 555 737 617 aliqua
783 572 847 605 ex
889 555 1167 619 praedictis
1210 556 1458 619 personis
1501 556 1908 606 matrimonium

386 633 705 683 contrahere
742 638 1145 696 praesumentes.

457 717 503 766 b.
580 716 806 767 Litteris
844 716 1175 779 Apostolicis
1215 716 1371 767 falsis
1408 717 1640 767 scienter
1678 723 1907 777 utentes,

385 794 469 844 vel
503 793 720 843 crimini
755 811 815 845 ea
849 793 905 843 in
940 811 997 845 re
1033 800 1399 857 cooperantes

456 885 642 946 Neque
684 902 710 934 a
758 884 1000 935 censuris
1042 883 1209 935 Nobis
1250 890 1301 935 et
1343 901 1372 934 a
1414 884 1579 934 Nobis
1623 884 1910 935 reservatis

383 961 583 1023 quibus
621 961 904 1023 subjacere
945 963 1286 1011 declaramus
1304 983 1387 1011 :—

454 1064 499 1097 α.
578 1046 1000 1109 Quemcumque,
1053 1046 1164 1097 sive
1215 1046 1397 1096 virum
1448 1046 1559 1097 sive
1611 1046 1907 1106 mulierem,

384 1124 478 1187 qui
508 1129 799 1187 postquam
831 1123 1131 1173 divortium
1162 1123 1319 1174 civile
1349 1123 1604 1184 obtinuit,
1639 1123 1910 1173 matrimo-

383 1201 537 1251 nium
572 1218 737 1251 ausus
772 1200 945 1251 fuerit
977 1206 1268 1251 attentare.

456 1286 501 1335 b.
580 1284 1001 1348 Quemcumque,
1054 1285 1166 1335 sive
1214 1284 1396 1334 virum
1447 1284 1558 1335 sive
1611 1283 1907 1343 mulierem,

384 1363 477 1426 qui
506 1379 687 1413 coram
716 1362 966 1412 ministro
996 1361 1390 1424 cujuscumque
1419 1367 1572 1412 sectae
1601 1360 1910 1411 acatholicae

379 1439 791 1491 matrimonium
820 1438 1158 1490 contraxerit
1183 1439 1269 1488 vel
1298 1437 1670 1489 attentaverit.
1746 1437 1910 1500 (Con-

383 1511 569 1561 cilium
603 1511 746 1561 Balt.
784 1511 901 1560 III:
926 1511 1039 1572 124,
1077 1511 1221 1571 127.)

314 1603 545 1653 Deinum
581 1602 786 1652 absolvi
822 1607 1100 1664 nequeunt
1137 1601 1230 1663 qui
1265 1602 1362 1650 uni
1396 1602 1481 1651 vel
1518 1599 1677 1652 alteri
1715 1618 1779 1651 ex
1814 1599 1907 1650 tri-

244 1682 343 1730 bus
386 1697 414 1730 a
461 1680 598 1730 Sede
643 1678 959 1742 Apostolica
1003 1677 1280 1728 damnatis
1322 1677 1670 1728 societatibus
1713 1694 1907 1727 nomen

245 1758 516 1808 dederunt
551 1772 718 1818 eaque
752 1755 900 1805 abire
934 1756 1145 1805 nolunt.
1218 1755 1361 1805 Sunt
1394 1760 1576 1804 autem
1611 1755 1906 1804 damnatae:

246 1837 289 1895 1,
331 1833 609 1896 “Equites
647 1832 936 1895 Pythiae'';
975 1832 1020 1895 2,
1062 1831 1352 1882 “Societas
1391 1831 1673 1882 Sociorum
1713 1831 1908 1892 Singu-

245 1910 522 1971 larium⁷';
560 1911 604 1972 3,
644 1909 823 1959 “Filii
862 1908 1323 1972 T'emperantiae.⁷⁷

315 2004 393 2053 10.
471 2000 841 2064 Dispensandi
881 2006 933 2051 et
972 1999 1343 2050 commutandi
1381 2005 1504 2050 vota
1545 1998 1810 2063 simplicia
1852 1998 1906 2048 in

242 2080 349 2131 alia
383 2079 474 2143 pia
509 2095 702 2143 opera3
738 2084 788 2129 et
822 2076 1178 2140 dispensandi
1211 2093 1276 2126 ex
1309 2076 1624 2127 rationabili
1658 2093 1817 2126 causa
1853 2076 1905 2124 in

244 2158 382 2207 votis
425 2155 765 2220 simplicibus
810 2153 1081 2205 castitatis
1124 2160 1174 2204 et
1220 2153 1513 2215 religioniS,
1561 2153 1800 2216 exceptis
1842 2153 1908 2201 iis

242 2251 358 2298 quae
387 2233 719 2285 emittuntur
746 2234 802 2282 in
833 2231 1182 2281 societatibus
1212 2230 1491 2291 religiosis.
1524 2230 1635 2280 sive
1664 2231 1906 2279 virorum

241 2313 351 2376 sive
383 2311 690 2361 mulierum.

453 2403 659 2451 Praeter
709 2417 764 2451 ea
818 2415 934 2461 quae
986 2398 1040 2446 in
1091 2396 1350 2457 religione
1400 2395 1746 2449 emittuntur,
1799 2396 1902 2445 alia

382 2480 629 2542 quaedam
684 2483 809 2525 vota
865 2476 964 2524 sub
1020 2475 1117 2523 hac
1175 2472 1439 2521 facultate
1496 2489 1602 2519 non
1658 2473 1900 2520 veniunt.

382 2554 718 2615 Hujusmodi
755 2558 881 2601 sunt
917 2550 1195 2612 sequentia
1218 2571 1300 2598 :—

451 2657 496 2688 a.
575 2639 774 2686 Votum
812 2633 1272 2697 peregrinationis
1309 2633 1571 2682 'facienda’
1608 2633 1675 2682 ad
1714 2629 1894 2681 limina

382 2716 786 2778 Apostolorum,
863 2711 1279 2773 Compostellam
1353 2711 1420 2759 ad
1496 2710 1547 2760 S.
1621 2708 1893 2759 Jacobum,
