2002 3042
221 210 286 258 30
517 209 889 258 MANUALE
928 209 1373 260 MISSIONARJ
1383 210 1593 259 amm!

294 405 357 455 V.
439 404 557 455 Una
593 404 791 456 mensis
824 404 1139 455 Decembris
1176 404 1280 466 die,
1315 404 1565 454 omnibus
1600 403 1890 466 utriusque

222 498 381 533 sexus
416 481 622 532 Christi
654 480 906 531 fidelibus
938 497 1064 532 vere
1094 480 1502 544 poenitentibus,
1536 480 1797 530 confessis
1828 498 1888 530 ac

223 575 375 610 sacra
413 558 790 609 communione
827 557 1064 619 refectis.
1104 558 1198 620 qui
1233 563 1359 608 ante
1395 557 1635 620 aliquam
1671 574 1733 607 ex
1771 574 1888 607 cru-

221 637 372 686 cibus
413 636 471 685 in
512 635 619 686 fine
662 634 936 685 missionis
977 634 1266 698 erigendis,
1310 634 1489 685 tribus
1531 635 1722 684 saltem
1765 634 1890 684 vici-

224 717 322 765 bus
366 715 423 764 in
467 714 708 777 quolibet
752 729 948 775 mense,
994 718 1079 763 ter
1120 712 1422 763 orationem
1466 712 1792 762 dominicam
1837 721 1887 762 et

222 791 607 843 salutationem
649 791 951 854 angelicam
992 807 1114 840 cum
1156 789 1345 840 Gloria
1385 789 1556 852 Patri,
1597 789 1655 838 in
1696 806 1887 839 memo-

220 870 358 920 riam
383 870 554 920 trium
579 869 840 918 horarum
865 867 1078 929 agoniae
1104 866 1363 918 D.N.J.C.
1392 872 1445 917 et
1470 866 1631 929 juxta
1658 872 1890 917 mentem

223 947 432 997 Summi
459 946 739 997 Pontificis
764 948 955 996 devote
980 945 1261 997 oraverint
1294 946 1427 1007 (Leo
1451 945 1633 1006 XIII„
1660 945 1888 1007 rescrip-

222 1033 275 1075 to
313 1025 364 1075 S.
403 1024 460 1075 C.
498 1025 618 1073 Ind.
654 1024 719 1072 22
754 1022 981 1094 Aprilis,
1020 1022 1199 1078 1882.)

693 1198 1091 1234 INDULGENTIAE
1120 1198 1417 1233 PARTIALES

292 1305 335 1354 ].
398 1304 425 1351 I
431 1303 755 1366 *nclulyentic1
787 1301 1085 1352 bisacutam
1116 1300 1346 1361 (lieo-um,
1373 1299 1430 1347 in
1457 1315 1796 1361 quocumque
1823 1314 1886 1346 ex

219 1380 589 1444 quadraginta
627 1379 833 1440 diebus,
872 1377 1122 1427 omnibus
1158 1377 1447 1439 utriusque
1484 1391 1642 1426 sexus
1681 1374 1886 1425 Christi

220 1457 485 1520 fidelibus,
525 1457 618 1519 qui
654 1461 776 1519 post
813 1459 1093 1518 peractam
1130 1453 1439 1504 missionem
1476 1459 1571 1502 aut
1609 1452 1773 1503 etiam
1810 1468 1883 1501 re·

219 1552 440 1598 cessum,
488 1533 804 1598 spiritualia
849 1531 1123 1595 exercitia,
1172 1548 1202 1581 a
1251 1530 1475 1581 Clericis
1522 1528 1886 1591 Regularibus

221 1612 509 1663 Societatis
548 1612 683 1662 ‚Jesu
725 1610 933 1660 tradita
977 1610 1035 1659 in
1079 1607 1330 1671 ecclesiiS‚
1375 1608 1643 1669 oratoriis,
1689 1606 1886 1670 plateis

219 1696 315 1740 aut-
350 1690 570 1752 campis,
608 1688 728 1752 pias
764 1704 951 1751 preces
985 1703 1084 1749 per
1121 1685 1489 1749 quadraginta
1528 1685 1656 1746 dies,
1695 1683 1886 1746 incipi-

219 1769 356 1818 endo
404 1785 430 1818 a
483 1766 569 1817 die
616 1782 779 1829 quam
827 1762 1137 1826 designabit
1181 1761 1425 1813 exercitii
1473 1767 1567 1811 aut
1618 1760 1886 1811 missionis

217 1862 427 1909 praeses.¹
470 1846 539 1894 ad
579 1842 933 1894 obtinendam
970 1840 1453 1904 perseverantiam,
1495 1839 1655 1888 corde
1694 1839 1882 1888 saltem

218 1923 454 1973 contrito
516 1938 575 1971 ac
638 1921 828 1971 devote
888 1917 1253 1983 persolverint
1325 1916 1650 1979 (Gregorius
1711 1915 1882 1967 XVI..

219 1999 382 2050 Brevi
420 1998 673 2060 Infima·
706 1997 890 2057 Nobis,
926 1998 954 2046 7
991 1995 1147 2057 Julii,
1185 1994 1365 2050 1843.)

287 2106 332 2156 2.
411 2102 765 2166 Indulgentia
802 2105 1105 2152 tercentum
1138 2099 1369 2162 (Merum,
1401 2097 1651 2148 omnibus
1684 2097 1882 2146 utrius-

218 2200 320 2245 que
349 2199 508 2233 sexus
539 2180 744 2231 Christi
775 2178 1041 2240 fidelihus,
1073 2177 1166 2240 qui
1198 2175 1374 2226 crucis
1404 2174 1662 2230 erectioni
1692 2175 1749 2223 in
1779 2173 1882 2222 fine

221 2260 535 2310 missionum
589 2276 615 2309 a
674 2256 964 2307 Sodalibus
1018 2253 1306 2305 Societatis
1356 2253 1393 2303 ‚J
1398 2269 1491 2302 esu
1541 2251 1880 2314 peragenda.

218 2338 376 2388 corde
430 2337 623 2386 saltem
676 2333 913 2384 contrito
966 2348 1026 2382 ac
1080 2331 1270 2381 devote
1323 2327 1684 2380 interfuerint
1750 2328 1884 2387 (Leo

217 2413 400 2475 XIII„
433 2412 699 2475 rescripto
733 2411 785 2462 S.
822 2409 879 2461 C.
914 2408 1035 2459 Ind.
1069 2408 1135 2457 22
1166 2406 1394 2471 Aprilis
1429 2406 1616 2466 1882).

287 2521 332 2570 3.
407 2515 761 2579 Indulgentia
800 2514 1039 2578 quinque
1077 2529 1364 2575 annorwm,
1398 2512 1559 2562 semel
1592 2511 1650 2560 in
1684 2510 1771 2560 die
1805 2511 1882 2559 lu·

217 2597 419 2648 oranda
459 2597 524 2646 ab
561 2593 812 2644 omnibus
847 2591 1137 2654 utriusque
1174 2606 1332 2640 sexus
1371 2587 1576 2639 Christi
1614 2587 1880 2641 fidelibus,

217 2675 306 2737 qui
354 2673 514 2721 eorde
556 2672 744 2719 saltem
791 2668 1026 2717 contrito
1071 2671 1197 2716 aute
1239 2666 1477 2727 aliquam
1525 2682 1586 2714 ex
1630 2664 1882 2713 crucibus
