2002 3042
190 184 253 230 26
486 184 650 231 MAN
660 184 856 234 (JALE
897 186 950 233 M
958 187 980 233 I
990 188 1071 237 SS
1079 188 1097 234 l
1110 188 1259 237 ONA
1267 188 1342 236 R]
1351 189 1448 238 ΟΕ
1456 188 1561 237 UM

266 378 330 426 ln
375 378 572 440 quibus
614 380 826 430 casibus
866 380 1105 443 exceptis
1147 381 1314 432 datur
1354 399 1477 432 cum
1516 382 1857 433 restrictione

195 455 433 517 quadam
481 455 721 507 facultas
768 456 1124 520 dispensandi
1172 458 1494 509 PRAEPOSITO
1541 458 1858 521 GENERAL13

194 531 280 581 cui
319 531 483 659 etiagn
522 538 838 584 reservatur
873 534 1208 597 dispensatio
1246 535 1303 584 in
1342 535 1464 586 aliis
1501 535 1859 587 inhabilitati-

195 610 412 671 bus.—(
474 651 482 659 .
528 626 579 660 n.
628 610 772 670 172.)

831 849 1241 904 Addendae.¹

263 959 306 1008 l.
386 959 721 1009 Conceditur
760 960 1000 1010 facultas
1040 959 1380 1010 Matutinum
1419 977 1541 1010 cum
1582 961 1863 1011 Laudibus

193 1036 299 1086 diei
339 1036 718 1099 subsequentis
756 1036 884 1088 inde
924 1038 991 1087 ab
1031 1038 1165 1088 hora
1200 1038 1383 1101 prima
1418 1043 1543 1101 post
1579 1038 1861 1089 meridiem

192 1112 477 1164 recitandi.
546 1114 598 1165 S.
633 1113 689 1165 C.
721 1114 782 1164 R.
813 1115 951 1164 Mar.
982 1115 1062 1177 12,
1094 1115 1244 1165 1910.
1310 1115 1470 1165 Hanc
1498 1132 1662 1179 porro
1690 1115 1862 1166 facul-

191 1196 359 1241 tatem
407 1190 752 1255 anticipandi
798 1192 1139 1242 Matutinum
1184 1208 1307 1242 cum
1351 1192 1633 1243 Laudibus
1681 1209 1864 1244 omnes

193 1267 480 1318 Societatis
539 1268 763 1319 Sodales
820 1286 1053 1332 quorum
1110 1269 1352 1333 interest,
1411 1270 1480 1320 ad
1539 1271 1862 1321 decennium

192 1362 462 1409 usurpare
506 1351 769 1409 poterunt
814 1347 998 1398 eodem
1041 1363 1269 1410 prorsus
1309 1347 1467 1397 modo
1511 1364 1615 1410 quo
1661 1347 1862 1399 Sancta

195 1423 359 1474 Sedes
395 1440 511 1474 eam
544 1424 820 1474 concessit..
888 1424 954 1475 A.
988 1425 1049 1475 R.
1084 1425 1143 1475 P.
1175 1425 1391 1487 WernZ,
1424 1425 1562 1488 Apr.
1596 1426 1676 1488 27,
1712 1427 1861 1475 1910.

262 1529 307 1578 2.
387 1527 813 1591 R-ecognoscitur
847 1529 1086 1580 facultas
1120 1530 1187 1580 A.
1225 1530 1287 1580 R.
1326 1531 1385 1580 P.
1425 1529 1708 1582 Generalis
1743 1532 1863 1582 sub-

196 1606 485 1672 (lelegandi
519 1606 745 1657 Nostros
777 1612 840 1657 ut
873 1606 1087 1658 coronis
1117 1607 1410 1659 adnectent
1445 1607 1868 1670 Crucigerorum

195 1684 594 1747 Indulgentias
664 1684 720 1736 C.
756 1684 808 1735 S.
843 1685 903 1736 O.
972 1685 1115 1748 Aug.
1149 1685 1230 1749 22,
1265 1686 1415 1736 1910.

263 1790 327 1840 Ν.
367 1790 656 1841 B.—Haec
694 1790 933 1841 facultas
969 1790 1083 1841 fuit
1118 1791 1185 1841 ab
1222 1791 1288 1841 A.
1327 1791 1389 1842 R.
1430 1792 1489 1842 P.
1530 1791 1863 1843 Provinciali

195 1867 586 1918 communicata
644 1868 903 1918 Patribus
951 1867 1274 1919 Provinciae
1322 1868 1719 1920 Missourianae
1772 1870 1865 1932 qui

196 1944 416 1995 tertiam
446 1943 823 2008 probationem
852 1945 966 2007 jam
995 1951 1235 2008 egerant.

394 2158 468 2206 De
507 2163 680 2208 »amate
718 2159 1006 2210 societatis
1042 2159 1095 2209 in
1136 2177 1234 2210 usn
1266 2159 1698 2223 privileg-immm.

275 2278 311 2326 1.
390 2278 439 2326 A
489 2278 743 2328 Generali
790 2277 964 2327 omnis
1012 2278 1251 2328 facultas
1298 2278 1354 2327 in
1405 2277 1672 2329 Societate
1722 2295 1866 2340 egre-

197 2355 395 2405 ‹lienda
429 2361 505 2406 est
539 2361 588 2405 et
623 2357 690 2406 ab
721 2355 839 2419 ipso
872 2373 971 2420 per
1004 2355 1326 2419 Superiores
1358 2355 1427 2405 ad
1459 2353 1751 2406 inferiores
1781 2356 1864 2405 de-

198 2433 520 2483 scendenda.
595 2432 776 2495 Quare
808 2438 1079 2483 statutum
1098 2432 1222 2483 fuit
1253 2449 1283 2483 a
1315 2433 1373 2482 P.
1409 2433 1694 2483 Roothaan
1726 2449 1868 2483 anno

202 2510 351 2561 1832.
392 2516 443 2561 et
482 2508 690 2572 pluries
727 2516 914 2573 postea
953 2509 1334 2560 confirmatum
1371 2527 1437 2560 ne
1475 2509 1595 2572 quis
1633 2509 1735 2559 sibi
1773 2514 1870 2559 aut

200 2587 323 2637 aliis
351 2587 645 2637 facultates
672 2587 1027 2638 benedicendi
1058 2603 1284 2638 coronas
1312 2594 1363 2638 et
1392 2586 1590 2637 similia
1618 2587 1720 2638 sibi
1748 2604 1870 2650 pro-

201 2670 434 2724 curaret.
472 2665 574 2713 nisi
615 2666 956 2728 approbante
993 2671 1044 2715 et
1080 2664 1352 2714 mediante
1388 2662 1737 2726 Provinciali,
1774 2681 1869 2713 nec
