2002 3042
899 314 1111 378 VIII.

702 492 793 534 DE
827 488 1308 534 CONCIONIBUS

249 601 292 649 1.
368 600 528 648 Mane
564 598 662 647 sub
698 596 877 659 prima
913 594 1073 644 missa
1108 594 1170 644 fit
1203 593 1494 643 instructio
1530 592 1710 642 brevis
1747 591 1833 641 cui

177 676 232 724 in
263 675 578 725 civitatibus
608 673 883 723 intersunt
914 672 1122 721 ancillae
1153 676 1203 721 et
1235 668 1487 733 operarii.
1556 669 1682 719 Fiat
1713 675 1834 732 post

177 753 391 802 missam
439 750 728 801 instructio
777 750 853 799 ita
903 754 965 799 ut
1014 747 1199 798 statim
1247 748 1610 808 subsequatur
1661 747 1833 796 altera

173 830 348 879 missa.
415 828 710 890 Nunquam
742 826 966 877 excedat
997 824 1360 888 quadrantem
1391 823 1696 873 instructio.

242 917 288 967 2.
365 914 664 966 Instructio
701 915 936 964 secunda
973 912 1326 975 subsequitur
1361 910 1672 961 immediate
1710 916 1831 974 post

171 994 465 1044 secundam
521 992 753 1042 missam.
849 991 999 1041 Haec
1056 989 1344 1039 instructio
1401 988 1626 1052 impleat
1680 988 1828 1038 semi-

174 1072 374 1121 horam.

241 1159 286 1208 3.
365 1156 563 1208 Concio
588 1156 864 1220 praecipua
889 1156 1122 1205 habetur
1145 1170 1382 1217 vespere.
1426 1153 1577 1203 Hora
1605 1158 1829 1212 statuta,

175 1252 317 1284 unus
347 1252 410 1285 ex
443 1233 797 1284 missionariis
827 1251 852 1284 e
882 1233 1156 1295 cathedra,
1187 1234 1272 1281 vel
1304 1232 1374 1281 ad
1404 1231 1596 1294 pedem
1628 1229 1833 1291 altaris,

175 1311 368 1362 recitat
399 1311 638 1373 quinque
668 1309 880 1360 Rosarii
911 1309 1152 1359 decades
1220 1308 1376 1370 Dein,
1406 1308 1610 1370 populo
1639 1313 1832 1368 stante,

175 1390 411 1450 hymnus
445 1393 712 1437 cantetur.
786 1388 914 1437 Post
951 1392 1173 1436 cantum
1211 1385 1271 1435 fit
1309 1384 1507 1446 conciO,
1545 1401 1652 1447 qua
1688 1385 1835 1434 abso-

178 1467 310 1528 luta,
350 1465 613 1515 recitatur
649 1466 817 1514 Pater
853 1469 905 1514 et
942 1464 1058 1514 Ave
1095 1464 1270 1524 semel,
1312 1468 1363 1512 et
1400 1464 1569 1512 Parce
1606 1462 1834 1511 Domine

173 1549 272 1594 ter.

242 1632 288 1680 4.
365 1631 555 1681 Altero
592 1632 793 1692 hymno
833 1635 1066 1690 cantatO,
1107 1629 1273 1678 datur
1312 1627 1629 1678 Benedictio
1672 1626 1833 1676 Sanc-

177 1708 387 1766 tissimi,
417 1714 470 1758 et
498 1708 657 1758 dictis
687 1707 1016 1758 “Laudibus
1044 1705 1326 1768 Divinis‚”
1355 1711 1612 1756 cantatur
1639 1705 1833 1765 “Holy

176 1785 360 1847 God,”
397 1787 482 1836 vel
517 1785 656 1835 alius
689 1786 940 1847 hymnus,

244 1875 289 1924 5.
367 1873 730 1924 Concionator
754 1889 850 1923 nec
880 1870 1349 1935 superpelliceum,
1376 1886 1473 1920 nec
1501 1871 1709 1930 stolam,
1738 1871 1832 1918 nec

174 1951 430 2001 birettam
485 1950 683 2000 induit.
777 1949 1128 2009 Crucifixum,
1179 1953 1381 2009 *aut-em,
1431 1952 1521 1997 sat
1576 1963 1833 2008 magnum

172 2045 337 2091 super
368 2033 557 2091 pectus
589 2027 847 2091 portabit.

340 2179 849 2224 DISTRIBUTION
900 2178 989 2222 OF
1038 2178 1334 2233 SUBJECT
1378 2176 1674 2222 MATTER

910 2278 975 2329 A.
1017 2277 1090 2328 M.

172 2369 401 2430 Sunday
524 2366 851 2430 —Opening
881 2366 1108 2418 Sermon
1149 2366 1232 2427 (at
1262 2366 1367 2415 last
1396 2363 1594 2425 Mass).

171 2446 412 2507 Monday
516 2445 812 2506 -Prayer

172 2524 424 2582 Tuesday
519 2521 910 2572 ——Sacrament
950 2520 1009 2570 of
1050 2517 1443 2569 Penance—its
1481 2522 1652 2581 parts,

172 2598 824 2660 Wednesda3v—-G1eneral
857 2596 1194 2648 Confession.
