2002 3042
940 447 1092 503 XVI.

626 584 717 628 DE
752 583 1408 630 BENEDICTIONIBUS

252 712 296 763 1.
373 712 790 764 Benedictiones
817 730 1002 764 rerum
1030 730 1311 764 sacrarum
1339 715 1397 764 in
1426 713 1649 766 ecclesia
1674 716 1849 766 locum

180 789 417 840 habeant
448 790 691 853 quotidie
724 790 1036 842 immediate
1066 797 1191 855 post
1222 791 1440 842 missam
1472 794 1767 844 secundam
1799 798 1850 844 et

184 867 241 915 in
275 867 380 918 fine
415 868 685 919 missionis
717 875 840 932 post
873 870 1163 920 solemnem
1197 869 1610 921 conclusionem.

251 959 297 1009 2.
374 959 651 1010 Formulis
699 959 1094 1010 benedictionis
1141 959 1329 1011 Nostri
1377 961 1462 1011 uti
1509 966 1739 1024 possunt
1786 961 1851 1011 de

181 1035 379 1098 quibus
411 1042 557 1087 certo
586 1042 794 1087 constet
823 1054 913 1088 eas
940 1036 1110 1089 fuisse
1137 1039 1397 1101 probatas
1425 1055 1457 1088 a
1484 1038 1537 1089 S.
1569 1039 1630 1090 R.
1663 1038 1720 1090 G.
1751 1055 1851 1102 pro

180 1113 317 1165 ,locis
341 1113 789 1177 particularibus,
821 1113 1069 1177 quamvis
1096 1131 1205 1165 non
1234 1115 1591 1179 reperiuntur
1616 1116 1673 1165 in
1701 1116 1851 1166 Ritu-

185 1192 259 1241 ali
289 1191 547 1242 Romano,
616 1191 672 1243 C.
703 1193 763 1243 P.
795 1194 876 1244 77.

257 1282 302 1332 3.
380 1282 547 1333 Fiant
590 1282 993 1334 benedictiones
1037 1300 1066 1333 a
1109 1285 1388 1335 sacerdote
1430 1284 1626 1335 induto
1669 1300 1851 1348 supera

182 1359 407 1423 pelliceo
449 1366 502 1411 et
540 1361 678 1411 stola
719 1360 914 1411 coloris
952 1359 1060 1411 diei
1099 1360 1206 1411 nisi
1243 1378 1344 1425 pro
1385 1361 1570 1424 aliqua
1608 1362 1853 1413 benedic-

179 1437 325 1488 tione
359 1438 504 1488 color
536 1437 788 1502 specialis
818 1437 1110 1488 indicetur.
1183 1439 1336 1489 Ram.
1370 1437 1430 1490 P.
1463 1439 1581 1490 485.

162 1545 165 1547 ’
251 1529 297 1578 4.
375 1529 541 1580 Brevi
572 1545 816 1601 sermone
848 1527 1082 1592 explicet
1114 1529 1248 1592 quid
1279 1529 1351 1580 sit
1381 1534 1607 1580 acturus
1637 1535 1689 1582 et
1718 1531 1854 1594 pub-

181 1606 307 1657 licet
333 1605 708 1669 indulgentias
737 1606 932 1670 cuique
961 1605 1038 1657 rei
1068 1606 1443 1670 applicandas

257 1697 302 1747 5.
381 1697 590 1748 Recitet
638 1698 934 1748 formulam
979 1698 1373 1749 benedictionis
1417 1704 1707 1762 postquam
1752 1715 1854 1747 mo-

185 1775 308 1825 nuit
336 1791 605 1841 quaenam
632 1775 845 1838 objecta
873 1775 944 1826 sit
971 1775 1375 1826 benedicturus,

253 1867 298 1917 6.
376 1867 700 1917 Instruatur
727 1867 968 1930 populus
1000 1882 1137 1929 quae
1167 1883 1253 1917 res
1274 1862 1648 1917 *excludantur
1681 1867 1747 1917 ab
1778 1866 1855 1916 in-

182 1944 497 2007 dulgentiiS‚
534 1943 659 1995 licet
694 1961 805 1994 non
837 1943 957 1994 ideo
993 1944 1361 1995 excludantur
1396 1961 1425 1994 a
1460 1943 1851 1994 benedictione.

254 2036 300 2087 7.
377 2035 445 2085 In
497 2035 755 2085 crucifixo
806 2034 1153 2097 indulgentia
1206 2035 1466 2085 adhaeret
1519 2034 1729 2086 Christi
1781 2035 1855 2098 ef-

186 2113 363 2177 fi9i6i;
395 2114 454 2163 in
488 2113 699 2164 coronis
733 2118 916 2164 autem
949 2113 1154 2177 ymnis,
1187 2130 1247 2163 ac
1280 2113 1513 2176 proinde
1544 2118 1857 2176 perseverat

188 2197 381 2241 catena.
404 2197 571 2254 rupta
598 2197 694 2242 aut
721 2191 885 2242 etiam
912 2191 1098 2253 granis
1122 2190 1426 2255 permixtis,
1474 2191 1624 2241 Ram.
1654 2191 1712 2241 P.
1738 2191 1855 2240 487.

253 2283 299 2333 8.
376 2282 466 2332 Ad
508 2281 871 2346 applicandas
910 2281 1256 2345 Apostolicas
1297 2281 1673 2345 indulyentias
1714 2298 1855 2332 rosa·

188 2360 300 2422 riis,
337 2360 423 2412 &c
460 2359 657 2410 sufficit
691 2360 922 2423 simplex
954 2359 1172 2422 signum
1205 2359 1396 2409 crucis.
1467 2359 1640 2409 Unico
1676 2364 1857 2409 autem

187 2438 340 2500 signo
364 2437 555 2499 crucis,
582 2438 769 2500 plures
793 2437 1039 2488 diversae
1065 2436 1442 2499 indulgentiae
1468 2435 1565 2487 uni
1578 2436 1858 2498 eidemque

189 2516 417 2578 objectO,
471 2517 556 2566 vel
628 2515 883 2579 pluribus
952 2514 1180 2577 objectis
1250 2514 1362 2565 sive
1432 2514 1678 2576 ejusdem
1747 2513 1857 2564 sive

190 2594 436 2644 diversae
482 2592 695 2657 speciei,
744 2592 1123 2655 indulgentiae
1185 2592 1418 2654 singulis
1461 2590 1720 2656 propriae
1767 2608 1857 2655 ap-

188 2671 384 2735 plicari
417 2676 662 2735 possunt.
732 2670 789 2721 C.
825 2671 885 2721 P.
956 2671 1036 2721 67.

255 2765 300 2814 9.
379 2762 434 2813 Si
487 2763 610 2824 quis
658 2762 896 2824 gaudeat
946 2760 1168 2824 speciali
1221 2760 1487 2811 facultate
1536 2759 1852 2824 applicandi
