2002 3042
171 202 234 249 68
469 201 839 281 MANUALE
877 202 1543 254 MISSJONARIORUJJ

242 394 452 444 Deinde
482 393 751 455 infantem
777 397 1033 457 asperqat
1060 411 1199 457 aqua
1230 395 1512 445 benedicta
1536 395 1594 445 in
1622 397 1841 446 modum

171 481 364 542 erucis,
405 481 616 532 dicens:

242 569 356 618 Pax
390 574 441 618 et
475 568 778 618 benedictio
814 568 915 618 Dei
949 569 1354 631 omnipotentis,
1389 569 1587 631 Patris,
1622 576 1673 621 et
1709 569 1837 619 Filii

174 657 253 720 ᾧ,
293 661 345 706 et
379 655 624 718 Spiritus
660 655 866 718 Sancti,
905 657 1199 706 descendat
1233 672 1399 719 super
1432 661 1500 718 te,
1539 662 1592 707 et
1626 662 1842 707 maneat

171 760 397 806 semper.
462 744 525 793 R.
591 744 784 793 Amen.

666 901 1104 945 BENEDICTIO
1139 902 1352 946 PUERI

173 1003 233 1053 V.
310 1001 674 1064 Adjutorium
705 1007 954 1051 nostrum
988 1001 1045 1050 in
1078 1000 1295 1052 nomine
1327 1000 1565 1050 Domini.

169 1094 231 1143 R.
311 1093 415 1155 Qui
456 1093 587 1143 fecit
623 1093 829 1143 coelum
867 1097 918 1142 et
954 1098 1175 1142 terram.

174 1186 234 1235 V.
312 1185 580 1234 Dominus
607 1184 900 1234 vobiscum.

169 1277 232 1326 R.
310 1276 382 1326 Et
415 1292 536 1325 cum
567 1274 770 1338 spiritu
800 1280 911 1325 tuo,

878 1380 1134 1431 OREMUS.

243 1471 474 1522 Domine
522 1472 558 1522 J
565 1488 656 1521 esu
711 1470 942 1532 Christe,
994 1470 1105 1519 Fili
1152 1469 1254 1519 Dei
1300 1468 1428 1530 vivi,
1480 1468 1572 1531 qui
1624 1468 1842 1519 dixisti:

174 1563 349 1613 Sinite
378 1563 637 1626 parvulos
665 1561 851 1612 venire
880 1561 949 1612 ad
980 1578 1078 1623 me,
1107 1560 1303 1610 talium
1333 1565 1411 1610 est
1442 1559 1585 1610 enim
1615 1577 1843 1622 regnum

172 1656 471 1715 coelorum3
513 1670 680 1716 super
720 1654 866 1702 hunc
909 1668 1144 1715 puerum
1185 1656 1344 1701 tuum
1384 1650 1647 1700 virtutem
1690 1651 1845 1701 bene-

175 1748 237 1810 »ᾗ
261 1745 517 1796 dictionis
544 1750 670 1795 tuae
700 1743 951 1807 infunde,
981 1759 1041 1793 ac
1071 1742 1141 1793 ad
1170 1741 1443 1792 Ecclesiae
1470 1746 1521 1791 et
1549 1746 1845 1805 parentum

172 1837 322 1887 illius
360 1837 519 1887 fidem
561 1852 621 1886 ac
660 1834 1003 1885 devotionem
1043 1833 1277 1896 respice3
1320 1837 1383 1882 ut
1421 1831 1629 1882 virtute
1668 1848 1728 1881 ac
1766 1848 1845 1881 sa-

171 1927 379 1992 pientia
414 1928 564 1990 apud
597 1926 774 1976 Deum
804 1930 858 1976 et
886 1923 1130 1975 homines
1161 1922 1465 1987 proficiens,
1499 1923 1568 1972 ad
1599 1927 1845 1986 optatam

173 2018 459 2083 perveniat
505 2022 855 2078 senectutem,
899 2021 951 2066 et
993 2016 1225 2065 salutem
1269 2018 1633 2076 consequatur
1677 2017 1846 2063 aeter-

171 2127 313 2160 nam.
384 2109 491 2171 Qui
524 2108 663 2158 vivis
699 2113 750 2158 et
785 2123 981 2169 regnas
1013 2105 1070 2154 in
1105 2106 1318 2156 saecula
1351 2105 1706 2154 saeculorum.

172 2202 234 2252 R.
297 2201 490 2251 Amen.

247 2296 512 2358 Laudate‚
554 2294 714 2358 pueri
754 2292 1067 2355 Dominum,
1107 2291 1330 2341 laudate
1371 2306 1567 2339 nomen
1607 2287 1845 2338 Domini.

177 2389 264 2439 Sit
293 2404 487 2437 nomen
519 2385 743 2436 Domini
775 2383 1139 2450 benedictum²
1173 2399 1238 2433 ex
1267 2383 1365 2431 hoc
1397 2396 1559 2443 nunc,
1593 2385 1645 2431 et
1676 2395 1848 2441 usque

178 2480 234 2528 in
263 2480 554 2529 saeculum.
601 2476 652 2525 A
680 2474 806 2526 solis
832 2480 958 2525 ortu
985 2490 1156 2536 usque
1184 2473 1254 2523 ad
1282 2488 1545 2533 occasum,
1574 2469 1849 2520 laudabile

172 2587 371 2621 nomen
409 2568 646 2618 Domini.
725 2568 986 2617 Excelsus
1027 2581 1192 2627 super
1235 2579 1419 2614 omnes
1459 2567 1644 2624 gentes
1683 2562 1845 2611 Dom-

175 2662 313 2725 inuS,
348 2667 399 2712 et
431 2677 598 2724 super
630 2660 801 2709 coelos
833 2656 1005 2720 gloria
1039 2655 1175 2717 ejus.
1249 2653 1383 2716 Quis
1416 2652 1558 2703 sicut
1578 2651 1847 2701 Dominus
