<?xml version="1.0" encoding="UTF-8"?>
<!DOCTYPE html PUBLIC "-//W3C//DTD XHTML 1.0 Transitional//EN"
    "http://www.w3.org/TR/xhtml1/DTD/xhtml1-transitional.dtd">
<html xmlns="http://www.w3.org/1999/xhtml" xml:lang="en" lang="en">
 <head>
  <title>
</title>
<meta http-equiv="Content-Type" content="text/html;charset=utf-8" />
  <meta name='ocr-system' content='tesseract 3.04.00' />
  <meta name='ocr-capabilities' content='ocr_page ocr_carea ocr_par ocr_line ocrx_word'/>
</head>
<body>
  <div class='ocr_page' id='page_1' title='image "./manualemissionar00ryan_0107.png"; bbox 0 0 2002 3042; ppageno 0'>
   <div class='ocr_carea' id='block_1_1' title="bbox 468 191 1829 242">
    <p class='ocr_par' dir='ltr' id='par_1_1' title="bbox 468 191 1829 242">
     <span class='ocr_line' id='line_1_1' title="bbox 468 191 1829 242; baseline -0.001 0"><span class='ocrx_word' id='word_1_1' title='bbox 468 194 526 242; x_wconf 86' lang='grc' dir='ltr'><em>Μ</em></span> <span class='ocrx_word' id='word_1_2' title='bbox 529 192 836 241; x_wconf 84' lang='lat' dir='ltr'><strong><em>ANUALE</em></strong></span> <span class='ocrx_word' id='word_1_3' title='bbox 875 192 933 238; x_wconf 82' lang='lat' dir='ltr'><em>M</em></span> <span class='ocrx_word' id='word_1_4' title='bbox 936 192 962 239; x_wconf 92' lang='lat' dir='ltr'><em>I</em></span> <span class='ocrx_word' id='word_1_5' title='bbox 967 192 1081 242; x_wconf 79' lang='lat' dir='ltr'>SSI</span> <span class='ocrx_word' id='word_1_6' title='bbox 1087 191 1320 241; x_wconf 80' lang='lat' dir='ltr'><em>ONARI</em></span> <span class='ocrx_word' id='word_1_7' title='bbox 1326 191 1421 241; x_wconf 74' lang='lat' dir='ltr'>OB</span> <span class='ocrx_word' id='word_1_8' title='bbox 1431 191 1535 240; x_wconf 79' lang='grc' dir='ltr'>ΠΜ</span> <span class='ocrx_word' id='word_1_9' title='bbox 1732 193 1829 240; x_wconf 85' lang='lat'>103</span> 
     </span>
    </p>
   </div>
   <div class='ocr_carea' id='block_1_2' title="bbox 176 385 1830 910">
    <p class='ocr_par' dir='ltr' id='par_1_2' title="bbox 176 385 1830 910">
     <span class='ocr_line' id='line_1_2' title="bbox 246 385 1830 435; baseline 0 -1"><span class='ocrx_word' id='word_1_10' title='bbox 246 387 292 435; x_wconf 86' lang='lat'>4.</span> <span class='ocrx_word' id='word_1_11' title='bbox 369 385 599 435; x_wconf 81' lang='lat' dir='ltr'>Nomina</span> <span class='ocrx_word' id='word_1_12' title='bbox 645 385 988 435; x_wconf 77' lang='lat' dir='ltr'>confratrum</span> <span class='ocrx_word' id='word_1_13' title='bbox 1032 385 1379 435; x_wconf 89' lang='lat' dir='ltr'>inscribenda</span> <span class='ocrx_word' id='word_1_14' title='bbox 1421 391 1547 435; x_wconf 87' lang='lat' dir='ltr'>sunt</span> <span class='ocrx_word' id='word_1_15' title='bbox 1592 385 1649 433; x_wconf 90' lang='lat' dir='ltr'>in</span> <span class='ocrx_word' id='word_1_16' title='bbox 1693 386 1830 435; x_wconf 90' lang='lat' dir='ltr'>libro</span> 
     </span>
     <span class='ocr_line' id='line_1_3' title="bbox 177 462 1830 513; baseline -0.001 -1"><span class='ocrx_word' id='word_1_17' title='bbox 177 469 474 513; x_wconf 90' lang='lat' dir='ltr'>conventus</span> <span class='ocrx_word' id='word_1_18' title='bbox 508 464 614 513; x_wconf 86' lang='lat' dir='ltr'>PP.</span> <span class='ocrx_word' id='word_1_19' title='bbox 653 462 829 512; x_wconf 85' lang='lat' dir='ltr'>Carm.</span> <span class='ocrx_word' id='word_1_20' title='bbox 866 462 1015 512; x_wconf 90' lang='lat' dir='ltr'>illius</span> <span class='ocrx_word' id='word_1_21' title='bbox 1047 463 1147 512; x_wconf 90' lang='lat' dir='ltr'>loci</span> <span class='ocrx_word' id='word_1_22' title='bbox 1183 468 1234 513; x_wconf 92' lang='lat' dir='ltr'>et</span> <span class='ocrx_word' id='word_1_23' title='bbox 1268 462 1333 511; x_wconf 89' lang='lat' dir='ltr'>iis</span> <span class='ocrx_word' id='word_1_24' title='bbox 1366 462 1741 512; x_wconf 85' lang='lat' dir='ltr'>deficientibus</span> <span class='ocrx_word' id='word_1_25' title='bbox 1774 462 1830 510; x_wconf 89' lang='lat' dir='ltr'>in</span> 
     </span>
     <span class='ocr_line' id='line_1_4' title="bbox 177 539 1829 590; baseline 0 -1"><span class='ocrx_word' id='word_1_26' title='bbox 177 541 296 589; x_wconf 88' lang='lat' dir='ltr'>albo</span> <span class='ocrx_word' id='word_1_27' title='bbox 324 539 796 590; x_wconf 73' lang='lat' dir='ltr'>confraternitatis</span> <span class='ocrx_word' id='word_1_28' title='bbox 821 541 905 590; x_wconf 89' lang='lat' dir='ltr'>vel</span> <span class='ocrx_word' id='word_1_29' title='bbox 933 545 1229 589; x_wconf 87' lang='lat' dir='ltr'>conventus</span> <span class='ocrx_word' id='word_1_30' title='bbox 1253 539 1532 589; x_wconf 84' lang='lat' dir='ltr'>vicinioris</span> <span class='ocrx_word' id='word_1_31' title='bbox 1559 539 1670 590; x_wconf 91' lang='lat' dir='ltr'>sive</span> <span class='ocrx_word' id='word_1_32' title='bbox 1700 540 1829 589; x_wconf 85' lang='lat' dir='ltr'>Fra-</span> 
     </span>
     <span class='ocr_line' id='line_1_5' title="bbox 176 616 1830 679; baseline 0.001 -14"><span class='ocrx_word' id='word_1_33' title='bbox 176 622 319 666; x_wconf 89' lang='lat' dir='ltr'>trum</span> <span class='ocrx_word' id='word_1_34' title='bbox 352 616 463 667; x_wconf 88' lang='lat' dir='ltr'>sive</span> <span class='ocrx_word' id='word_1_35' title='bbox 490 616 807 666; x_wconf 86' lang='lat' dir='ltr'>monialium</span> <span class='ocrx_word' id='word_1_36' title='bbox 837 616 1243 666; x_wconf 77' lang='lat' dir='ltr'>carmelitarum</span> <span class='ocrx_word' id='word_1_37' title='bbox 1272 633 1376 679; x_wconf 89' lang='lat' dir='ltr'>quo</span> <span class='ocrx_word' id='word_1_38' title='bbox 1407 617 1673 667; x_wconf 88' lang='lat' dir='ltr'>mittenda</span> <span class='ocrx_word' id='word_1_39' title='bbox 1703 622 1830 667; x_wconf 91' lang='lat' dir='ltr'>sunt</span> 
     </span>
     <span class='ocr_line' id='line_1_6' title="bbox 177 693 1830 757; baseline 0 -15"><span class='ocrx_word' id='word_1_40' title='bbox 177 694 582 756; x_wconf 86' lang='lat' dir='ltr'>quamprimum</span> <span class='ocrx_word' id='word_1_41' title='bbox 607 695 879 744; x_wconf 90' lang='lat' dir='ltr'>commode</span> <span class='ocrx_word' id='word_1_42' title='bbox 902 693 1022 744; x_wconf 83' lang='lat' dir='ltr'>fieri</span> <span class='ocrx_word' id='word_1_43' title='bbox 1043 699 1235 756; x_wconf 91' lang='lat' dir='ltr'>potest.</span> <span class='ocrx_word' id='word_1_44' title='bbox 1296 695 1593 757; x_wconf 81' lang='lat' dir='ltr'>Propterea</span> <span class='ocrx_word' id='word_1_45' title='bbox 1617 695 1687 744; x_wconf 92' lang='lat' dir='ltr'>ad</span> <span class='ocrx_word' id='word_1_46' title='bbox 1712 710 1830 743; x_wconf 91' lang='lat' dir='ltr'>con-</span> 
     </span>
     <span class='ocr_line' id='line_1_7' title="bbox 178 771 1829 834; baseline 0 -15"><span class='ocrx_word' id='word_1_47' title='bbox 178 771 584 821; x_wconf 80' lang='lat' dir='ltr'>fraternitatem</span> <span class='ocrx_word' id='word_1_48' title='bbox 617 771 966 822; x_wconf 83' lang='lat' dir='ltr'>admittentes</span> <span class='ocrx_word' id='word_1_49' title='bbox 999 788 1163 834; x_wconf 89' lang='lat' dir='ltr'>penes</span> <span class='ocrx_word' id='word_1_50' title='bbox 1197 789 1249 821; x_wconf 93' lang='lat' dir='ltr'>se</span> <span class='ocrx_word' id='word_1_51' title='bbox 1283 772 1517 821; x_wconf 87' lang='lat' dir='ltr'>habeant</span> <span class='ocrx_word' id='word_1_52' title='bbox 1551 771 1829 834; x_wconf 86' lang='lat' dir='ltr'>privatum</span> 
     </span>
     <span class='ocr_line' id='line_1_8' title="bbox 177 854 463 910; baseline 0.003 -13"><span class='ocrx_word' id='word_1_53' title='bbox 177 854 463 910; x_wconf 83' lang='lat' dir='ltr'>regestum.</span> 
     </span>
    </p>
   </div>
   <div class='ocr_carea' id='block_1_3' title="bbox 173 937 1831 1861">
    <p class='ocr_par' dir='ltr' id='par_1_3' title="bbox 175 937 1830 1232">
     <span class='ocr_line' id='line_1_9' title="bbox 246 937 1829 1000; baseline 0.001 -15"><span class='ocrx_word' id='word_1_54' title='bbox 246 938 292 987; x_wconf 83' lang='lat'>5.</span> <span class='ocrx_word' id='word_1_55' title='bbox 369 937 667 988; x_wconf 83' lang='lat' dir='ltr'>Scribenda</span> <span class='ocrx_word' id='word_1_56' title='bbox 695 944 822 988; x_wconf 91' lang='lat' dir='ltr'>sunt</span> <span class='ocrx_word' id='word_1_57' title='bbox 848 938 906 987; x_wconf 87' lang='lat' dir='ltr'>in</span> <span class='ocrx_word' id='word_1_58' title='bbox 931 939 1028 988; x_wconf 93' lang='lat' dir='ltr'>hoc</span> <span class='ocrx_word' id='word_1_59' title='bbox 1054 944 1262 1000; x_wconf 80' lang='lat' dir='ltr'>regesto</span> <span class='ocrx_word' id='word_1_60' title='bbox 1287 944 1400 988; x_wconf 90' lang='lat' dir='ltr'>tam</span> <span class='ocrx_word' id='word_1_61' title='bbox 1424 937 1641 988; x_wconf 88' lang='lat' dir='ltr'>nomina</span> <span class='ocrx_word' id='word_1_62' title='bbox 1670 954 1829 1000; x_wconf 89' lang='lat' dir='ltr'>quam</span> 
     </span>
     <span class='ocr_line' id='line_1_10' title="bbox 177 1014 1830 1078; baseline -0.001 -14"><span class='ocrx_word' id='word_1_63' title='bbox 177 1014 494 1076; x_wconf 83' lang='lat' dir='ltr'>cognomina</span> <span class='ocrx_word' id='word_1_64' title='bbox 522 1032 658 1077; x_wconf 87' lang='lat' dir='ltr'>quae</span> <span class='ocrx_word' id='word_1_65' title='bbox 685 1022 887 1078; x_wconf 80' lang='lat' dir='ltr'>postea,</span> <span class='ocrx_word' id='word_1_66' title='bbox 915 1014 1055 1065; x_wconf 89' lang='lat' dir='ltr'>sicut</span> <span class='ocrx_word' id='word_1_67' title='bbox 1081 1015 1288 1065; x_wconf 90' lang='lat' dir='ltr'>dictum</span> <span class='ocrx_word' id='word_1_68' title='bbox 1313 1021 1391 1065; x_wconf 93' lang='lat' dir='ltr'>est</span> <span class='ocrx_word' id='word_1_69' title='bbox 1416 1015 1472 1064; x_wconf 90' lang='lat' dir='ltr'>in</span> <span class='ocrx_word' id='word_1_70' title='bbox 1498 1032 1549 1065; x_wconf 91' lang='lat' dir='ltr'>n.</span> <span class='ocrx_word' id='word_1_71' title='bbox 1576 1016 1622 1077; x_wconf 85' lang='lat'>4,</span> <span class='ocrx_word' id='word_1_72' title='bbox 1649 1032 1830 1077; x_wconf 90' lang='lat' dir='ltr'>quam-</span> 
     </span>
     <span class='ocr_line' id='line_1_11' title="bbox 176 1092 1826 1155; baseline 0.001 -15"><span class='ocrx_word' id='word_1_73' title='bbox 176 1092 416 1154; x_wconf 88' lang='lat' dir='ltr'>primum</span> <span class='ocrx_word' id='word_1_74' title='bbox 451 1093 722 1143; x_wconf 90' lang='lat' dir='ltr'>commode</span> <span class='ocrx_word' id='word_1_75' title='bbox 757 1092 874 1142; x_wconf 90' lang='lat' dir='ltr'>fieri</span> <span class='ocrx_word' id='word_1_76' title='bbox 910 1098 1103 1155; x_wconf 89' lang='lat' dir='ltr'>potest,</span> <span class='ocrx_word' id='word_1_77' title='bbox 1141 1092 1286 1142; x_wconf 89' lang='lat' dir='ltr'>mitti</span> <span class='ocrx_word' id='word_1_78' title='bbox 1323 1094 1520 1143; x_wconf 88' lang='lat' dir='ltr'>debent</span> <span class='ocrx_word' id='word_1_79' title='bbox 1556 1110 1677 1143; x_wconf 91' lang='lat' dir='ltr'>cum</span> <span class='ocrx_word' id='word_1_80' title='bbox 1713 1093 1826 1142; x_wconf 70' lang='lat' dir='ltr'>sub‹</span> 
     </span>
     <span class='ocr_line' id='line_1_12' title="bbox 175 1169 978 1232; baseline 0.002 -14"><span class='ocrx_word' id='word_1_81' title='bbox 175 1169 469 1232; x_wconf 73' lang='lat' dir='ltr'>scriptione</span> <span class='ocrx_word' id='word_1_82' title='bbox 501 1169 617 1232; x_wconf 87' lang='lat' dir='ltr'>ipsa</span> <span class='ocrx_word' id='word_1_83' title='bbox 651 1169 978 1232; x_wconf 89' lang='lat' dir='ltr'>recipientis.</span> 
     </span>
    </p>

    <p class='ocr_par' dir='ltr' id='par_1_4' title="bbox 173 1259 1831 1861">
     <span class='ocr_line' id='line_1_13' title="bbox 246 1259 1830 1322; baseline 0.002 -15"><span class='ocrx_word' id='word_1_84' title='bbox 246 1259 290 1308; x_wconf 87' lang='grc'>6.</span> <span class='ocrx_word' id='word_1_85' title='bbox 369 1259 686 1309; x_wconf 83' lang='lat' dir='ltr'>Sacerdotes</span> <span class='ocrx_word' id='word_1_86' title='bbox 732 1260 824 1321; x_wconf 86' lang='lat' dir='ltr'>qui</span> <span class='ocrx_word' id='word_1_87' title='bbox 870 1266 1146 1322; x_wconf 86' lang='lat' dir='ltr'>nequeunt</span> <span class='ocrx_word' id='word_1_88' title='bbox 1192 1260 1565 1310; x_wconf 87' lang='lat' dir='ltr'>transmittere</span> <span class='ocrx_word' id='word_1_89' title='bbox 1611 1259 1830 1310; x_wconf 88' lang='lat' dir='ltr'>nomina</span> 
     </span>
     <span class='ocr_line' id='line_1_14' title="bbox 175 1336 1831 1400; baseline 0.002 -16"><span class='ocrx_word' id='word_1_90' title='bbox 175 1336 416 1386; x_wconf 90' lang='lat' dir='ltr'>fidelium</span> <span class='ocrx_word' id='word_1_91' title='bbox 453 1336 509 1384; x_wconf 92' lang='lat' dir='ltr'>in</span> <span class='ocrx_word' id='word_1_92' title='bbox 546 1338 848 1399; x_wconf 89' lang='lat' dir='ltr'>scapularis</span> <span class='ocrx_word' id='word_1_93' title='bbox 887 1337 1209 1387; x_wconf 82' lang='lat' dir='ltr'>Societatem</span> <span class='ocrx_word' id='word_1_94' title='bbox 1246 1343 1604 1400; x_wconf 84' lang='lat' dir='ltr'>receptorum,</span> <span class='ocrx_word' id='word_1_95' title='bbox 1642 1339 1726 1388; x_wconf 87' lang='lat' dir='ltr'>vel</span> <span class='ocrx_word' id='word_1_96' title='bbox 1763 1339 1831 1388; x_wconf 88' lang='lat' dir='ltr'>ad</span> 
     </span>
     <span class='ocr_line' id='line_1_15' title="bbox 174 1413 1830 1477; baseline 0.002 -16"><span class='ocrx_word' id='word_1_97' title='bbox 174 1413 480 1476; x_wconf 78' lang='lat' dir='ltr'>proximam</span> <span class='ocrx_word' id='word_1_98' title='bbox 529 1414 649 1476; x_wconf 80' lang='lat' dir='ltr'>ejus</span> <span class='ocrx_word' id='word_1_99' title='bbox 701 1414 1073 1477; x_wconf 82' lang='lat' dir='ltr'>Sodalitatem‚</span> <span class='ocrx_word' id='word_1_100' title='bbox 1123 1416 1207 1465; x_wconf 88' lang='lat' dir='ltr'>vel</span> <span class='ocrx_word' id='word_1_101' title='bbox 1257 1415 1326 1464; x_wconf 85' lang='lat' dir='ltr'>ad</span> <span class='ocrx_word' id='word_1_102' title='bbox 1378 1415 1703 1465; x_wconf 87' lang='lat' dir='ltr'>monasteria</span> <span class='ocrx_word' id='word_1_103' title='bbox 1754 1432 1830 1465; x_wconf 89' lang='lat' dir='ltr'>re-</span> 
     </span>
     <span class='ocr_line' id='line_1_16' title="bbox 175 1490 1830 1556; baseline 0.001 -17"><span class='ocrx_word' id='word_1_104' title='bbox 175 1490 504 1554; x_wconf 83' lang='lat' dir='ltr'>ligiosorum,</span> <span class='ocrx_word' id='word_1_105' title='bbox 546 1497 818 1553; x_wconf 86' lang='lat' dir='ltr'>quaerunt</span> <span class='ocrx_word' id='word_1_106' title='bbox 855 1497 1045 1541; x_wconf 89' lang='lat' dir='ltr'>utrum</span> <span class='ocrx_word' id='word_1_107' title='bbox 1080 1492 1263 1542; x_wconf 88' lang='lat' dir='ltr'>fideles</span> <span class='ocrx_word' id='word_1_108' title='bbox 1301 1492 1374 1542; x_wconf 90' lang='lat' dir='ltr'>sic</span> <span class='ocrx_word' id='word_1_109' title='bbox 1410 1492 1615 1556; x_wconf 87' lang='lat' dir='ltr'>recepti</span> <span class='ocrx_word' id='word_1_110' title='bbox 1652 1492 1830 1542; x_wconf 91' lang='lat' dir='ltr'>indul-</span> 
     </span>
     <span class='ocr_line' id='line_1_17' title="bbox 174 1567 1830 1633; baseline 0 -15"><span class='ocrx_word' id='word_1_111' title='bbox 174 1567 384 1629; x_wconf 82' lang='lat' dir='ltr'>gentias</span> <span class='ocrx_word' id='word_1_112' title='bbox 419 1568 623 1618; x_wconf 88' lang='lat' dir='ltr'>lucrari</span> <span class='ocrx_word' id='word_1_113' title='bbox 658 1569 902 1631; x_wconf 70' lang='lat' dir='ltr'>possint?</span> <span class='ocrx_word' id='word_1_114' title='bbox 977 1569 1028 1620; x_wconf 83' lang='lat' dir='ltr'>S.</span> <span class='ocrx_word' id='word_1_115' title='bbox 1069 1569 1126 1620; x_wconf 84' lang='lat' dir='ltr'>C.</span> <span class='ocrx_word' id='word_1_116' title='bbox 1164 1570 1382 1632; x_wconf 84' lang='lat' dir='ltr'>Indulg.</span> <span class='ocrx_word' id='word_1_117' title='bbox 1420 1587 1519 1633; x_wconf 89' lang='lat' dir='ltr'>per</span> <span class='ocrx_word' id='word_1_118' title='bbox 1555 1571 1830 1620; x_wconf 89' lang='lat' dir='ltr'>decretum</span> 
     </span>
     <span class='ocr_line' id='line_1_18' title="bbox 173 1645 1830 1710; baseline 0.001 -16"><span class='ocrx_word' id='word_1_119' title='bbox 173 1646 272 1695; x_wconf 87' lang='lat' dir='ltr'>sub</span> <span class='ocrx_word' id='word_1_120' title='bbox 307 1645 392 1696; x_wconf 91' lang='lat' dir='ltr'>die</span> <span class='ocrx_word' id='word_1_121' title='bbox 427 1646 490 1695; x_wconf 83' lang='lat'>27</span> <span class='ocrx_word' id='word_1_122' title='bbox 524 1646 738 1709; x_wconf 89' lang='lat' dir='ltr'>Aprilis</span> <span class='ocrx_word' id='word_1_123' title='bbox 772 1647 906 1696; x_wconf 79' lang='lat'>1887</span> <span class='ocrx_word' id='word_1_124' title='bbox 938 1647 1249 1709; x_wconf 90' lang='lat' dir='ltr'>respondit:</span> <span class='ocrx_word' id='word_1_125' title='bbox 1320 1647 1740 1710; x_wconf 88' lang='lat' dir='ltr'>Inscriptionem</span> <span class='ocrx_word' id='word_1_126' title='bbox 1775 1648 1830 1697; x_wconf 91' lang='lat' dir='ltr'>in</span> 
     </span>
     <span class='ocr_line' id='line_1_19' title="bbox 173 1722 1829 1775; baseline 0.002 -4"><span class='ocrx_word' id='word_1_127' title='bbox 173 1722 377 1772; x_wconf 91' lang='lat' dir='ltr'>Album</span> <span class='ocrx_word' id='word_1_128' title='bbox 406 1722 897 1774; x_wconf 76' lang='lat' dir='ltr'>Confraternitatis</span> <span class='ocrx_word' id='word_1_129' title='bbox 922 1741 1030 1775; x_wconf 91' lang='lat' dir='ltr'>esse</span> <span class='ocrx_word' id='word_1_130' title='bbox 1057 1724 1414 1775; x_wconf 88' lang='lat' dir='ltr'>necessariam</span> <span class='ocrx_word' id='word_1_131' title='bbox 1442 1726 1511 1775; x_wconf 87' lang='lat' dir='ltr'>ad</span> <span class='ocrx_word' id='word_1_132' title='bbox 1539 1726 1829 1775; x_wconf 86' lang='lat' dir='ltr'>lucrandas</span> 
     </span>
     <span class='ocr_line' id='line_1_20' title="bbox 174 1799 570 1861; baseline 0.008 -14"><span class='ocrx_word' id='word_1_133' title='bbox 174 1799 570 1861; x_wconf 83' lang='lat' dir='ltr'>IndulgentiaS.</span> 
     </span>
    </p>
   </div>
   <div class='ocr_carea' id='block_1_4' title="bbox 170 1903 1829 2200">
    <p class='ocr_par' dir='ltr' id='par_1_5' title="bbox 170 1903 1829 2200">
     <span class='ocr_line' id='line_1_21' title="bbox 242 1903 1829 1957; baseline 0.003 -5"><span class='ocrx_word' id='word_1_134' title='bbox 242 1903 307 1954; x_wconf 92' lang='lat' dir='ltr'>N.</span> <span class='ocrx_word' id='word_1_135' title='bbox 350 1904 541 1954; x_wconf 88' lang='lat' dir='ltr'>B.—It</span> <span class='ocrx_word' id='word_1_136' title='bbox 581 1905 678 1955; x_wconf 89' lang='lat' dir='ltr'>has</span> <span class='ocrx_word' id='word_1_137' title='bbox 717 1905 850 1955; x_wconf 91' lang='lat' dir='ltr'>been</span> <span class='ocrx_word' id='word_1_138' title='bbox 890 1906 1142 1956; x_wconf 88' lang='lat' dir='ltr'>declared</span> <span class='ocrx_word' id='word_1_139' title='bbox 1182 1923 1326 1956; x_wconf 89' lang='lat' dir='ltr'>more</span> <span class='ocrx_word' id='word_1_140' title='bbox 1366 1907 1500 1957; x_wconf 89' lang='lat' dir='ltr'>than</span> <span class='ocrx_word' id='word_1_141' title='bbox 1540 1924 1669 1957; x_wconf 91' lang='lat' dir='ltr'>once</span> <span class='ocrx_word' id='word_1_142' title='bbox 1710 1908 1829 1957; x_wconf 88' lang='lat' dir='ltr'>that</span> 
     </span>
     <span class='ocr_line' id='line_1_22' title="bbox 173 1980 1828 2044; baseline 0.004 -15"><span class='ocrx_word' id='word_1_143' title='bbox 173 1980 428 2031; x_wconf 77' lang='lat' dir='ltr'>faculties</span> <span class='ocrx_word' id='word_1_144' title='bbox 458 1983 691 2044; x_wconf 82' lang='lat' dir='ltr'>granted</span> <span class='ocrx_word' id='word_1_145' title='bbox 719 1983 850 2033; x_wconf 83' lang='lat' dir='ltr'>With</span> <span class='ocrx_word' id='word_1_146' title='bbox 880 1985 970 2035; x_wconf 91' lang='lat' dir='ltr'>the</span> <span class='ocrx_word' id='word_1_147' title='bbox 1001 1984 1742 2035; x_wconf 78' lang='lat' dir='ltr'>restriction—-“Dumm0d0</span> <span class='ocrx_word' id='word_1_148' title='bbox 1772 1984 1828 2034; x_wconf 71' lang='lat' dir='ltr'>id</span> 
     </span>
     <span class='ocr_line' id='line_1_23' title="bbox 170 2058 1829 2127; baseline 0.005 -21"><span class='ocrx_word' id='word_1_149' title='bbox 170 2059 267 2121; x_wconf 75' lang='lat' dir='ltr'>fiat</span> <span class='ocrx_word' id='word_1_150' title='bbox 296 2058 355 2108; x_wconf 73' lang='lat' dir='ltr'>in</span> <span class='ocrx_word' id='word_1_151' title='bbox 388 2059 515 2110; x_wconf 77' lang='lat' dir='ltr'>locis</span> <span class='ocrx_word' id='word_1_152' title='bbox 549 2060 642 2110; x_wconf 72' lang='lat' dir='ltr'>ubi</span> <span class='ocrx_word' id='word_1_153' title='bbox 673 2061 986 2112; x_wconf 72' lang='lat' dir='ltr'>Conventus</span> <span class='ocrx_word' id='word_1_154' title='bbox 1014 2062 1202 2112; x_wconf 71' lang='lat' dir='ltr'>Nostri</span> <span class='ocrx_word' id='word_1_155' title='bbox 1234 2063 1459 2114; x_wconf 73' lang='lat' dir='ltr'>Ordinis</span> <span class='ocrx_word' id='word_1_156' title='bbox 1490 2080 1597 2114; x_wconf 73' lang='lat' dir='ltr'>non</span> <span class='ocrx_word' id='word_1_157' title='bbox 1630 2064 1829 2127; x_wconf 78' lang='lat' dir='ltr'>reperi-</span> 
     </span>
     <span class='ocr_line' id='line_1_24' title="bbox 172 2134 1829 2200; baseline 0.004 -16"><span class='ocrx_word' id='word_1_158' title='bbox 172 2134 395 2186; x_wconf 75' lang='lat' dir='ltr'>untur&#39;&#39;</span> <span class='ocrx_word' id='word_1_159' title='bbox 426 2153 526 2186; x_wconf 87' lang='lat' dir='ltr'>can</span> <span class='ocrx_word' id='word_1_160' title='bbox 559 2137 621 2187; x_wconf 89' lang='lat' dir='ltr'>be</span> <span class='ocrx_word' id='word_1_161' title='bbox 652 2137 861 2200; x_wconf 84' lang='lat' dir='ltr'>validly</span> <span class='ocrx_word' id='word_1_162' title='bbox 895 2138 1165 2189; x_wconf 86' lang='lat' dir='ltr'>exercised</span> <span class='ocrx_word' id='word_1_163' title='bbox 1198 2139 1255 2188; x_wconf 91' lang='lat' dir='ltr'>in</span> <span class='ocrx_word' id='word_1_164' title='bbox 1288 2139 1440 2190; x_wconf 89' lang='lat' dir='ltr'>cities</span> <span class='ocrx_word' id='word_1_165' title='bbox 1471 2141 1648 2192; x_wconf 82' lang='lat' dir='ltr'>where</span> <span class='ocrx_word' id='word_1_166' title='bbox 1678 2142 1829 2191; x_wconf 88' lang='lat' dir='ltr'>there</span> 
     </span>
    </p>
   </div>
   <div class='ocr_carea' id='block_1_5' title="bbox 173 2212 1828 2340">
    <p class='ocr_par' dir='ltr' id='par_1_6' title="bbox 173 2212 1828 2340">
     <span class='ocr_line' id='line_1_25' title="bbox 173 2212 1828 2340; baseline 0.003 -78"><span class='ocrx_word' id='word_1_167' title='bbox 173 2212 216 2340; x_wconf 73' lang='lat' dir='ltr'>iSs</span> <span class='ocrx_word' id='word_1_168' title='bbox 252 2229 283 2262; x_wconf 84' lang='lat' dir='ltr'>a</span> <span class='ocrx_word' id='word_1_169' title='bbox 321 2212 612 2265; x_wconf 86' lang='lat' dir='ltr'>Carmelite</span> <span class='ocrx_word' id='word_1_170' title='bbox 649 2215 979 2278; x_wconf 85' lang='lat' dir='ltr'>Monastery.</span> <span class='ocrx_word' id='word_1_171' title='bbox 1052 2217 1319 2279; x_wconf 85' lang='lat' dir='ltr'>Beringer</span> <span class='ocrx_word' id='word_1_172' title='bbox 1354 2219 1472 2268; x_wconf 90' lang='lat' dir='ltr'>Vol.</span> <span class='ocrx_word' id='word_1_173' title='bbox 1510 2218 1583 2281; x_wconf 90' lang='lat' dir='ltr'>II,</span> <span class='ocrx_word' id='word_1_174' title='bbox 1621 2223 1748 2281; x_wconf 88' lang='lat' dir='ltr'>part</span> <span class='ocrx_word' id='word_1_175' title='bbox 1781 2219 1828 2280; x_wconf 85' lang='lat'>2,</span> 
     </span>
     <span class='ocr_line' id='line_1_26' title="bbox 214 2291 366 2340; baseline 0 0"><span class='ocrx_word' id='word_1_176' title='bbox 214 2306 285 2340; x_wconf 91' lang='lat' dir='ltr'>ec.</span> <span class='ocrx_word' id='word_1_177' title='bbox 320 2291 366 2340; x_wconf 82' lang='lat'>4.</span> 
     </span>
    </p>
   </div>
  </div>
 </body>
</html>
