2002 3042
488 203 856 253 MANUALE
895 203 1552 253 MlstXARloRCM
1787 204 1850 253 85

200 393 406 443 minum
433 398 695 443 nostrum.
760 394 823 443 R.
889 394 1079 442 Amen.

267 485 543 546 Aspcryat
571 500 714 545 aqua
743 484 1037 534 benedicta.

402 732 742 776 FORMULA
778 730 1265 774 BENEDICENDI
1304 731 1645 784 QUATUOR

800 799 1238 843 SCAPULARIA

195 900 578 951 Sanctissimae
613 900 917 962 Trinitatis,
936 900 1220 950 Passionis
1248 900 1472 950 Domini
1500 899 1688 949 Nostri
1719 901 1757 950 J
1761 916 1849 949 esa

302 977 525 1040 Christi,
563 977 952 1028 Immaculata-c
997 977 1396 1040 Conceptioms,
1438 981 1487 1027 ct
1525 978 1745 1039 Septem

737 1055 999 1105 Botorum
1033 1055 1096 1103 B.
1131 1055 1204 1103 M.
1241 1055 1302 1104 V.

707 1144 940 1207 Propria
979 1144 1034 1194 C.
1109 1144 1203 1195 SS.
1276 1145 1338 1194 R.

147 1353 158 1363 .
196 1296 257 1345 V.
332 1296 694 1358 Adjutorium
732 1302 979 1346 nostrum
1018 1296 1075 1345 in
1112 1295 1328 1347 nomine
1367 1295 1602 1346 Domini.
1637 1298 1642 1303 ’

189 1386 252 1435 R.
330 1385 435 1447 Qui
473 1386 603 1435 fecit
642 1387 847 1435 coelum
885 1391 935 1435 et
972 1392 1176 1436 terram
1215 1427 1223 1435 .

195 1476 255 1525 V.
330 1476 574 1539 Domine,
605 1476 802 1526 exaudi
830 1476 1128 1527 orationem
1156 1493 1344 1527 meam.

188 1566 251 1615 R.
327 1567 401 1616 Et
432 1567 635 1616 clamor
666 1583 814 1616 meus
847 1568 916 1617 ad
948 1572 1000 1617 te
1032 1566 1231 1617 veniat.

194 1657 254 1705 V.
329 1656 595 1707 Dominus
621 1658 912 1708 vobiscum.

187 1746 250 1796 R.
327 1747 402 1796 Et
427 1764 549 1796 cum
576 1747 778 1810 spiritu
805 1754 914 1798 tuo.

890 1865 1053 1915 OREM
1061 1879 1144 1915 us,

258 1966 486 2018 Domine
527 1968 661 2018 Jesu
704 1968 933 2030 Christe,
974 1968 1216 2018 omnium
1256 1974 1421 2031 caput
1462 1968 1751 2030 Fidelium,
1794 1974 1843 2017 et

186 2057 412 2106 humani
445 2057 656 2119 generis
691 2058 958 2119 Salvator,
992 2058 1086 2120 qui
1115 2064 1330 2120 tegmen
1359 2065 1576 2109 nostrae
1606 2058 1841 2108 mortali-

184 2146 315 2196 tatis
346 2146 572 2197 induere
607 2147 866 2209 dignatus
900 2165 980 2209 es3
1015 2149 1355 2199 obsecramus
1389 2148 1704 2198 immensam
1734 2150 1840 2198 'lar-

186 2236 374 2297 gitatis
403 2238 547 2287 Tuae
578 2237 989 2301 abundantiam,
1021 2244 1081 2288 ut
1111 2238 1430 2289 indumenta
1461 2240 1589 2289 haec
1617 2239 1673 2287 in
1701 2240 1841 2288 obse-

186 2326 377 2388 quium
420 2326 803 2378 Sanctissimae
848 2327 1136 2378 Trinitatis
1178 2327 1450 2390 instituta,
1496 2345 1591 2378 nec
1635 2345 1743 2379 non
1786 2328 1840 2377 in

184 2417 441 2467 honorem
475 2423 528 2467 et
562 2417 874 2468 memoriam
909 2418 1335 2468 dolorosissimae
1371 2419 1645 2469 Passionis
1679 2421 1840 2480 Tuae,

182 2506 239 2554 in
262 2507 519 2557 honorem
544 2506 896 2558 Beatissimae
919 2507 1168 2570 Virginis
1189 2509 1385 2559 Matris
1410 2510 1555 2559 Tuae
1581 2509 1694 2559 sine
1721 2510 1838 2559 labe

182 2601 485 2658 conceptae,
516 2598 832 2659 doloresque
861 2598 1002 2647 Tuos
1029 2614 1088 2647 ac
1116 2597 1257 2648 vices
1283 2605 1633 2662 peramanter
1661 2600 1838 2649 dolen-

181 2685 265 2748 tis,
310 2686 384 2737 ita
430 2688 847 2751 bene÷dicere
891 2694 941 2739 et
985 2689 1426 2754 sancti÷ficare
1472 2689 1726 2752 digneris,
1776 2696 1835 2740 ut
