2002 3042
217 213 280 261 38
514 212 884 261 MANUALE
924 211 1588 262 MISSIONARIORUM

220 403 405 466 liquiis
444 404 791 467 praepositae
830 402 1111 465 sequentia
1151 402 1430 466 exposuit:

291 508 679 559 Sanctissimus
718 509 986 558 Dominus
1024 525 1123 571 per
1162 507 1510 571 Rescriptum
1546 507 1710 556 huius
1751 505 1884 556 Con-

221 586 555 649 gregationis
593 586 679 637 die
716 586 781 635 22
819 586 980 637 <Iunii
1018 586 1153 635 1904
1192 586 1398 647 datum,
1436 585 1669 646 benigne
1707 583 1885 632 indul-

220 664 305 726 sit,
360 669 422 714 ut
475 664 668 714 Patres
722 662 1010 714 Societatis
1060 664 1209 724 JeSU,
1263 667 1553 725 postquam
1605 660 1884 710 Exercitia

221 741 534 804 spiritualia
592 741 644 791 8.
703 741 761 791 P.
820 740 1028 802 Ignatii
1085 739 1547 802 Christificlelibus
1601 738 1659 788 in
1718 753 1885 787 unum

217 818 454 869 collectis
540 816 894 880 tradiderint,
982 817 1358 880 Apostolicam
1446 814 1888 865 Benedictionem

221 898 331 948 sive
378 914 479 960 per
524 914 592 959 se,
642 896 753 947 sive
801 912 903 959 per
949 895 1253 959 (ἤριπον-εφη
1303 895 1365 944 cle
1417 895 1572 945 Clero
1622 893 1888 944 saecula-ri

219 978 580 1038 praesentem,
614 990 771 1036 quem
805 972 910 1024 sibi
941 972 1347 1033 substituerint,
1381 972 1581 1022 eisdem
1614 969 1888 1033 impertiri

221 1053 456 1103 valeant.
551 1052 810 1102 Jamvero
868 1051 968 1100 hac
1027 1066 1192 1112 super
1251 1066 1307 1099 re
1366 1047 1647 1110 sequentia
1707 1063 1887 1097 occur-

221 1135 354 1179 runt
403 1128 584 1191 dubia,
628 1145 866 1191 quorum
913 1127 1110 1178 solutio
1157 1143 1187 1176 a
1236 1126 1403 1177 Sacra
1455 1124 1888 1187 Congregatione

221 1206 504 1258 humiliter
541 1206 940 1269 expostulatur,
977 1220 1200 1267 nempe:

291 1298 333 1348 Ι.
409 1298 501 1347 An
530 1297 696 1347 verba
727 1296 836 1359 illa,
869 1293 1384 1358 “Christifidelibus
1414 1293 1468 1342 in
1504 1309 1674 1343 sunum
1707 1292 1888 1343 collec-

224 1373 341 1425 tis’'
371 1374 484 1424 sint
514 1374 678 1424 etiam
709 1366 1069 1435 intelligenda
1103 1372 1167 1422 de
1200 1370 1533 1434 quibuslibet
1565 1369 1776 1421 clericis
1804 1369 1884 1418 ve]

221 1451 570 1515 regularibus
605 1451 663 1500 in
701 1467 875 1501 unum
912 1449 1256 1511 congregatis
1292 1449 1362 1498 ad
1399 1447 1683 1512 praedicta
1722 1447 1886 1496 Exer-

221 1530 349 1581 citia
393 1529 555 1580 simul
598 1528 912 1592 peragenda
955 1528 1054 1577 sub
1098 1525 1398 1576 directione
1440 1526 1672 1575 Patrum
1717 1523 1888 1574 Socie-

220 1608 352 1659 tatis
385 1608 555 1659 Jesu?

294 1699 368 1749 Π.
443 1698 534 1747 An
582 1698 677 1747 illa
726 1696 833 1747 alia
881 1696 1063 1759 verba,
1114 1695 1274 1745 “sive
1324 1710 1424 1757 per
1471 1693 1775 1756 diqniorem
1825 1692 1889 1742 cte

225 1777 381 1828 Clero
418 1775 686 1827 saeculari
721 1777 1082 1838 praesentem,
1119 1789 1276 1835 quem
1313 1772 1417 1822 sibi
1453 1768 1891 1821 substituerin·t’'

223 1871 282 1905 eo
314 1870 474 1904 sensu
505 1852 823 1915 accipienda
853 1851 979 1913 sint,
1012 1856 1074 1900 ut
1105 1849 1325 1912 dignior
1355 1849 1420 1899 de
1450 1854 1683 1910 utroque
1717 1847 1888 1907 Clero,

223 1931 334 1982 sive
374 1928 656 1993 saeculari,
698 1928 810 1980 sive
849 1927 1109 1991 regulari,
1150 1925 1411 1976 substitui
1450 1924 1636 1989 possit,
1679 1923 1889 1974 etiamsi

226 2007 520 2060 Exercitiis
557 2006 822 2058 obeundis
859 2022 969 2056 non
1007 2003 1365 2055 interfuerit?

295 2129 466 2178 Porro
497 2127 666 2178 Sacra
696 2124 1062 2188 Congregatio
1093 2124 1163 2174 ad
1191 2122 1449 2187 praefata
1477 2121 1643 2172 dubia
1675 2135 1891 2183 respon-

225 2205 466 2256 dendum
508 2203 821 2254 mandavit:

295 2296 385 2346 Ad
426 2292 981 2346 Ium-—Affirmative

294 2387 385 2438 Ad
430 2385 720 2437 Ilum—si
763 2390 963 2447 agatur
1008 2384 1073 2434 de
1118 2381 1359 2444 digniori
1403 2398 1467 2432 ex
1513 2380 1670 2440 Clero
1714 2395 1879 2429 saecu-

226 2479 345 2541 lari,
377 2477 750 2540 Affirmative;
781 2475 839 2527 Si
867 2491 994 2526 vero
1025 2475 1090 2525 de
1121 2472 1360 2536 digniori
1390 2491 1416 2524 e
1447 2471 1604 2523 Clero
1634 2469 1891 2532 regulari,

225 2556 521 2619 Negyative,·
553 2555 645 2605 sed
678 2552 1106 2617 supplicandum
1140 2550 1325 2612 SSmo,
1358 2555 1421 2600 ut
1451 2549 1617 2600 etiam
1647 2547 1718 2598 ad
1748 2549 1893 2596 hunc

228 2634 566 2694 facultatem,
611 2631 676 2681 de
719 2647 826 2694 qua
869 2646 1054 2693 supra,
1099 2629 1391 2680 extendere
1434 2626 1710 2688 dignetur.

298 2725 372 2774 Et
410 2722 798 2775 Sanctissimus
834 2720 1104 2771 Dominus
1139 2719 1336 2769 Noster
1372 2717 1504 2767 Pius
1540 2717 1693 2780 Papa
1728 2716 1799 2765 X.
1837 2714 1893 2763 in
