2002 3042
191 192 256 240 74
487 190 860 240 MANUALE
899 191 1562 242 MISSIONARIORUM

196 385 395 448 ficiens,
430 385 486 434 in
519 385 739 448 just-itia
773 391 824 437 et
858 385 1156 437 sanctitate
1182 386 1282 436 tibi
1316 386 1533 449 serviat,
1567 392 1619 436 et
1654 386 1862 436 debitas

197 477 598 528 misericordiae
643 483 770 528 tuae
815 477 1021 528 referat
1069 477 1377 539 gratiarum
1422 476 1674 527 actiones
1736 471 1862 526 'Per

198 568 479 619 Christum
510 566 807 617 Dominum
840 572 1104 618 nostrum.
1172 567 1236 617 R.
1304 567 1496 617 Amen.

899 685 1155 736 OREMUS.

264 763 427 825 DeUS,
459 763 553 825 qui
585 761 722 812 miro
751 762 944 813 ordine
974 762 1314 823 Angelorum
1345 761 1664 824 ministeria,
1695 760 1861 811 homi—

192 870 433 916 numque
458 853 770 916 dispensas:
797 853 1026 904 concede
1049 852 1354 916 propitius3
1380 858 1458 914 ut,
1484 870 1516 903 a
1540 852 1737 915 quibus
1760 852 1860 902 tibi

194 943 638 995 ministrantibus
680 943 739 992 in
783 945 926 994 coelo
972 960 1186 1006 semper
1230 942 1522 1005 assistitur,
1567 944 1633 993 ab
1676 942 1760 993 his
1804 943 1860 991 in

191 1040 342 1086 terra
377 1034 495 1085 vita
528 1034 700 1097 hujus
735 1033 896 1097 pueri
942 1034 1054 1096 (vel
1089 1034 1332 1097 puellae)
1380 1033 1680 1084 muniatur.
1755 1034 1860 1084 Per

193 1125 475 1176 Christum
503 1124 802 1175 Dominum
830 1129 1095 1175 nostrum.
1160 1124 1224 1175 R.
1292 1125 1485 1175 Amen.

263 1241 550 1305 Completa
588 1241 849 1292 Oratione
891 1241 1104 1304 ultima,
1143 1241 1409 1291 Sacerdos
1447 1239 1694 1303 imponat
1737 1241 1860 1290 dea·-

193 1324 365 1370 teram
394 1336 618 1370 manum
648 1336 816 1383 super
844 1322 1011 1382 eapm
1041 1317 1264 1382 infirmi,
1297 1322 1348 1369 et
1379 1317 1554 1369 dieat:

262 1409 444 1473 Super
485 1425 674 1472 aegros
715 1425 910 1459 manus
953 1408 1252 1472 imponent,
1296 1414 1350 1460 et
1387 1409 1522 1459 bene
1564 1409 1857 1458 habebunt.

189 1501 226 1552 J
231 1517 366 1565 esus,
396 1500 605 1551 Mariae
634 1499 827 1563 Filius,
858 1499 1051 1550 mundi
1080 1500 1227 1550 salus
1255 1504 1309 1550 et
1334 1498 1618 1561 Dominus,
1650 1497 1860 1548 meritis

189 1597 242 1642 et
271 1590 656 1643 intercessione
686 1595 1002 1641 sanctorum
1028 1590 1421 1654 Apostolorum
1453 1606 1677 1640 suorum
1708 1589 1860 1639 Petri

189 1688 242 1733 et
284 1682 461 1746 Pauli,
505 1686 560 1733 et
601 1680 844 1732 omnium
888 1680 1233 1743 Sanctorum,
1276 1680 1347 1731 sit
1388 1679 1490 1731 tibi
1532 1681 1764 1731 clemens
1807 1685 1859 1730 et

187 1772 480 1837 propitius.
557 1773 751 1824 Amen.

258 1894 456 1944 Postea
519 1891 841 1943 benedicens
897 1907 1133 1954 puerum
1193 1889 1492 1954 infirmam,
1554 1889 1858 1953 sabjnnyac

189 1983 401 2035 dicens:

258 2072 577 2124 Benedictio
621 2072 723 2123 Dei
768 2071 1174 2136 omnipotentis,
1223 2071 1422 2135 Patris,
1467 2077 1520 2122 et
1564 2070 1855 2135 Filii-pet

189 2164 434 2228 Spiritus
462 2163 668 2227 Sancti,
697 2164 991 2214 descendat
1016 2180 1181 2228 super
1207 2169 1275 2226 te,
1305 2168 1359 2215 et
1383 2168 1600 2213 maneat
1627 2178 1855 2225 semper.

186 2256 250 2306 R.
331 2255 524 2307 Amen.

255 2346 468 2398 Deinde
501 2351 757 2410 asperyat
788 2363 930 2409 aqua
963 2345 1261 2397 benedicta.
