2002 3042
484 204 852 252 MANUALE
891 190 1551 255 MISSIONARIORUM
1746 207 1835 254 12]

192 403 241 446 et
283 396 660 446 Eucharistiae
699 397 973 458 accedant,
1013 397 1288 447 laboribus
1328 397 1721 460 impediuntur,
1760 399 1843 446 vel

191 474 284 523 ubi
322 475 431 523 alia
466 474 806 523 rationabilis
842 490 1003 523 causa
1040 474 1262 537 obtinet,
1302 475 1372 524 ad
1408 491 1524 524 eam
1559 474 1844 536 indulgen-

190 552 323 601 tiam
350 552 671 601 lucrandam
701 551 896 601 sufficit
925 557 986 601 ut
1018 551 1240 602 Sodalcs
1269 551 1450 613 aliquo
1477 551 1624 602 intra
1652 552 1844 601 hebdo-

192 630 405 678 madam
446 629 952 691 die—praecedenti
992 631 1076 679 vel
1117 630 1300 679 eodem
1340 629 1425 679 die
1465 635 1687 692 peccata
1726 646 1844 678 con-

191 706 463 756 fessi—ad
510 707 733 756 Sacram
782 699 1227 756 Communionem
1273 708 1532 756 accedant
1580 713 1742 768 atque
1787 706 1843 755 in

193 784 415 847 Capella
474 783 796 834 Sodalitatis
850 800 1034 846 preces
1089 783 1458 846 praescriptas
1514 785 1841 846 persolvant.

200 863 331 923 (Leo
376 861 541 922 XIII,
589 861 871 923 Rescripto
919 861 1116 911 Sacrae
1163 860 1612 923 Congregationis
1657 861 1843 910 Indul-

192 938 500 999 gentiarum
529 939 592 988 27
620 938 846 1001 Aprilis,
876 939 1062 999 1887).

259 1029 304 1078 2.
383 1027 539 1090 Quod
564 1028 762 1078 attinet
789 1029 857 1078 ad
881 1028 1191 1092 praedictas
1216 1028 1334 1092 pias
1356 1045 1542 1092 preces
1566 1029 1843 1079 effunden-

190 1107 300 1168 das,
352 1121 459 1155 non
509 1105 870 1167 requiruntur
918 1123 1105 1169 preces
1152 1106 1410 1169 speciales
1457 1112 1679 1169 praeter
1723 1106 1844 1155 illas

190 1199 326 1245 quae
354 1200 382 1232 a
411 1183 699 1233 Sodalibus
724 1200 835 1233 una
859 1184 1021 1233 simul
1047 1183 1266 1234 recitari
1292 1185 1464 1234 solent
1489 1183 1547 1233 in
1573 1183 1845 1233 conventi-

188 1262 289 1311 bus
325 1260 777 1321 hebdomadariis,
818 1261 1108 1310 dummodo
1150 1277 1456 1311 communes
1496 1261 1619 1311 illae
1658 1277 1843 1324 preces

188 1338 489 1388 intentione
515 1339 584 1388 ad
610 1344 843 1389 mentem
874 1338 1083 1389 Summi
1112 1338 1391 1389 Pontificis
1420 1338 1747 1400 dirigantur.

258 1430 303 1478 3.
381 1428 764 1490 Indulgentiae
823 1429 1179 1478 conventibus
1232 1428 1672 1479 hebdomadariis
1725 1445 1844 1478 con-

189 1523 362 1556 cessae
395 1522 503 1555 non
535 1506 611 1555 ita
645 1499 772 1556 sunt
805 1506 1190 1568 intelligendae
1222 1511 1298 1568 ut,
1333 1506 1377 1556 si
1409 1511 1705 1556 conventus
1736 1523 1844 1555 non

188 1585 428 1646 qualibet
463 1585 814 1647 hebdomada,
853 1585 944 1635 sed
982 1583 1220 1647 quolibet
1256 1590 1451 1646 quarto
1488 1584 1691 1633 decimo
1727 1589 1844 1632 tan-

188 1667 305 1711 tum
348 1662 434 1711 die
476 1663 561 1710 vel
603 1660 684 1710 bis
723 1660 779 1709 in
823 1677 1001 1710 mense
1042 1662 1364 1721 habeantur,
1408 1677 1466 1710 eo
1509 1660 1626 1723 ipso
1666 1660 1840 1710 indul-

188 1738 387 1801 gentiis
413 1745 648 1788 careant.
722 1740 854 1800 (Leo
882 1738 1045 1800 XIII,
1077 1738 1359 1801 Rescripto
1387 1739 1583 1789 Sacrae
1611 1738 1840 1800 Congre-

189 1816 423 1878 gationis
453 1816 933 1878 Indulgentiarum
964 1817 1028 1865 29
1062 1817 1100 1867 J
1103 1816 1217 1878 ulii,
1253 1815 1439 1875 1893).

260 1906 472 1967 Romae,
507 1906 564 1955 in
597 1906 736 1956 festo
771 1905 1216 1957 Purificantionis
1249 1907 1449 1957 Beatae
1483 1906 1689 1957 Mariae
1723 1906 1842 1955 Vir-

188 1984 344 2046 ginis,
381 1984 467 2035 die
501 1985 531 2033 2
566 1984 871 2047 Februarii,
909 1985 1058 2035 1907.

1030 2074 1356 2123 Franciscus
1387 2075 1526 2124 Xav.
1557 2075 1771 2137 Wernz,

1151 2166 1345 2227 Praep.
1380 2164 1510 2214 Gen.
1545 2165 1659 2215 Soc
1693 2166 1841 2215 <Iesu

257 2283 320 2332 N.
349 2282 598 2333 R—For
621 2283 730 2345 full
755 2282 1113 2344 κιἠΐονῡηίιΜὀπ
1141 2298 1225 2332 see
1254 2283 1341 2332 the
1366 2282 1633 2344 “Officia-Z
1660 2283 1842 2333 Dirce-

190 2364 310 2424 tory
337 2361 397 2423 of
425 2362 510 2411 {he
530 2360 788 2423 ‚Soclctliz‘y
815 2360 875 2422 of
898 2378 998 2410 om·
1020 2359 1244 2422 Lady.''
