2002 3042
912 417 1119 471 XVII.

371 585 464 627 DE
521 582 906 628 CRUCIFIXO
964 582 1111 626 CUM
1170 578 1682 624 INDULGENTIIS

795 653 966 696 VIAE
1004 651 1252 696 CRUCIS

262 812 305 862 1.
383 812 645 861 Facultas
690 808 1046 860 benedicendi
1095 810 1190 858 hos
1241 807 1542 858 Crucifixos
1590 812 1667 857 est
1717 823 1745 855 a
1795 806 1853 855 P.

193 890 447 941 Generali
499 888 993 944 Franciscanorum
1044 886 1355 937 obtinenda.
1441 885 1703 935 Formula
1751 900 1857 946 qua

192 968 511 1019 conceditur
574 967 812 1016 facultas
876 972 983 1015 est:
1084 964 1480 1014 “Auctoritate
1542 961 1857 1026 Apostolica

192 1047 359 1097 Nobis
389 1062 637 1096 concessa
664 1050 895 1107 utentes,
926 1043 1159 1093 libenter
1188 1041 1482 1093 annuimus
1511 1041 1765 1104 precibus
1794 1040 1857 1089 N.

188 1126 268 1188 N.,
316 1125 470 1187 eique
515 1124 838 1173 facultatem
883 1121 1345 1172 communicamus
1388 1118 1742 1170 benedicendi
1787 1118 1853 1169 ad

194 1203 631 1266 quinquemeinm
668 1201 869 1252 Cruces
902 1217 1025 1250 cum
1057 1199 1388 1261 imaginibus
1419 1196 1640 1247 Domini
1674 1196 1861 1246 Nostri

191 1283 325 1333 Jesu
368 1280 574 1331 Christi
615 1279 877 1330 Crucifixi
916 1275 1370 1342 prominentibus,
1412 1281 1575 1337 atque
1614 1291 1678 1324 ex
1718 1274 1857 1324 auri-

190 1361 373 1410 chalco
417 1360 607 1421 (vulgo
639 1357 874 1417 ottone),
907 1357 992 1406 vel
1025 1373 1089 1405 ex
1119 1354 1226 1405 alia
1258 1369 1599 1416 quacumque
1631 1351 1860 1402 materia

191 1455 303 1488 non
356 1436 546 1499 fragili
603 1436 881 1496 confectis,
940 1434 1247 1496 eisdemque
1303 1431 1623 1496 applicandi
1679 1446 1861 1481 omnes

192 1517 390 1567 Sacrae
441 1515 578 1566 Viae
632 1513 827 1565 Crucis
876 1511 1275 1574 IndulgentiaS,
1329 1509 1612 1561 lucrandis
1663 1510 1729 1559 ab
1780 1508 1858 1557 in-

190 1594 375 1656 firmiS,
418 1593 825 1655 navigantibus
868 1590 1177 1642 carceribus
1218 1588 1468 1650 detentis,
1511 1588 1569 1637 in
1605 1585 1859 1650 partibus

191 1673 506 1724 Infidelium
546 1671 902 1733 morantibus
946 1669 1175 1732 aliisque
1216 1685 1245 1718 a
1284 1665 1577 1717 visitandis
1617 1664 1857 1715 eiusdem

189 1752 325 1802 Viae
360 1750 551 1802 Crucis
584 1749 927 1801 stationibus
957 1746 1197 1809 legitime
1227 1744 1535 1808 impeditis:
1568 1742 1858 1794 dummodo

191 1830 421 1880 recitent
459 1829 647 1891 (juxta
674 1830 832 1878 Decr.
860 1826 1026 1877 Urbis
1049 1831 1101 1876 et.
1127 1825 1289 1877 Orbis
1317 1824 1403 1874 die
1431 1824 1495 1872 16
1523 1819 1859 1885 Septembris

192 1910 324 1959 1859
369 1907 552 1971 edit),
596 1906 756 1957 corde
797 1906 989 1956 saltem
1030 1903 1266 1954 contrito
1307 1919 1367 1953 ac
1409 1902 1617 1962 devot0,
1658 1897 1857 1961 viginti

191 1989 372 2049 Pater,
407 1987 525 2037 Ave
558 1992 610 2036 et
643 1984 859 2046 Gloria3
894 2000 1068 2034 unum
1100 1998 1295 2045 nempe
1327 1997 1428 2045 pro
1463 1978 1705 2043 qualibet
1741 1978 1857 2028 Sta-

190 2066 352 2127 tione,
386 2064 626 2128 quinque
658 2063 718 2112 in
750 2063 898 2114 Sacr.
948 2062 1014 2112 D.
1047 2061 1112 2111 N.
1145 2061 1182 2111 J
1186 2077 1279 2111 esu
1313 2057 1520 2109 Christi
1550 2057 1857 2107 Vulnerum

190 2143 520 2205 memoriam,
557 2159 616 2192 ac
649 2159 822 2192 unum
854 2140 1015 2204 juxta
1050 2144 1285 2189 mentem
1319 2136 1530 2188 Summi
1561 2131 1857 2184 Pontificis

264 2234 341 2285 Iis
368 2251 510 2296 vero,
545 2233 638 2296 qui
670 2232 826 2295 gravi
854 2232 1040 2281 morbo
1071 2230 1150 2280 ita
1178 2228 1508 2289 afficiuntur,
1538 2232 1601 2277 ut
1632 2225 1858 2275 recitan-

195 2314 279 2365 dis
310 2313 509 2376 viginti
543 2314 725 2374 Pater,
759 2312 876 2361 Ave
910 2315 964 2361 et
996 2308 1183 2359 Gloria
1216 2306 1434 2358 omnino
1468 2305 1705 2368 impares
1735 2301 1861 2363 sint,

191 2410 255 2443 ex
281 2391 515 2453 benigna
544 2389 882 2440 concessione
910 2387 1077 2437 Nobis
1104 2386 1252 2435 facta
1279 2401 1309 2434 a
1338 2383 1389 2434 S.
1419 2384 1478 2433 P.
1507 2383 1684 2433 Leone
1711 2381 1770 2430 P.
1799 2380 1859 2429 P.

192 2470 341 2520 XIII
381 2486 481 2533 per
522 2469 736 2519 litteras
774 2466 832 2515 in
874 2466 1051 2516 forma
1094 2462 1288 2514 Brevis
1328 2462 1426 2512 sub
1469 2460 1556 2511 die
1598 2459 1662 2508 12
1703 2456 1859 2509 <Iunii

192 2550 342 2611 1903,
371 2548 736 2609 indulgemus,
766 2550 828 2595 ut
855 2561 1041 2595 eorum
1059 2544 1182 2593 'loco
1211 2540 1442 2592 recitent
1469 2539 1631 2589 semel
1656 2537 1857 2586 Actum

194 2625 556 2687 contritionis,
608 2631 659 2676 et
707 2622 1134 2673 invocationem:
1222 2621 1292 2669 Te
1343 2635 1467 2682 erqo
1518 2631 1860 2679 quaesumus,

195 2706 301 2756 luis
323 2704 550 2768 famulis
574 2702 805 2754 subveni
828 2687 959 2764 quos
984 2699 1220 2763 pretioso
1246 2696 1525 2761 Sangyuinc
1552 2692 1859 2754 redemisti,-
