<?xml version="1.0" encoding="UTF-8"?>
<!DOCTYPE html PUBLIC "-//W3C//DTD XHTML 1.0 Transitional//EN"
    "http://www.w3.org/TR/xhtml1/DTD/xhtml1-transitional.dtd">
<html xmlns="http://www.w3.org/1999/xhtml" xml:lang="en" lang="en">
 <head>
  <title>
</title>
<meta http-equiv="Content-Type" content="text/html;charset=utf-8" />
  <meta name='ocr-system' content='tesseract 3.04.00' />
  <meta name='ocr-capabilities' content='ocr_page ocr_carea ocr_par ocr_line ocrx_word'/>
</head>
<body>
  <div class='ocr_page' id='page_1' title='image "./manualemissionar00ryan_0022.png"; bbox 0 0 2002 3042; ppageno 0'>
   <div class='ocr_carea' id='block_1_1' title="bbox 178 193 1543 248">
    <p class='ocr_par' dir='ltr' id='par_1_1' title="bbox 178 193 1543 248">
     <span class='ocr_line' id='line_1_1' title="bbox 178 193 1543 248; baseline -0.001 -3"><span class='ocrx_word' id='word_1_1' title='bbox 178 198 238 245; x_wconf 63' lang='lat' dir='ltr'>is</span> <span class='ocrx_word' id='word_1_2' title='bbox 472 197 635 245; x_wconf 86' lang='lat' dir='ltr'>MAN</span> <span class='ocrx_word' id='word_1_3' title='bbox 645 197 738 246; x_wconf 76' lang='grc' dir='ltr'>ΗΑ</span> <span class='ocrx_word' id='word_1_4' title='bbox 750 197 841 246; x_wconf 68' lang='lat' dir='ltr'>1AE</span> <span class='ocrx_word' id='word_1_5' title='bbox 882 195 1326 248; x_wconf 71' lang='lat' dir='ltr'>Mlss&#39;mNAffl</span> <span class='ocrx_word' id='word_1_6' title='bbox 1336 193 1543 247; x_wconf 73' lang='lat' dir='ltr'>offlsM</span> 
     </span>
    </p>
   </div>
   <div class='ocr_carea' id='block_1_2' title="bbox 310 386 1840 1144">
    <p class='ocr_par' dir='ltr' id='par_1_2' title="bbox 310 386 1840 1144">
     <span class='ocr_line' id='line_1_2' title="bbox 318 386 1839 451; baseline 0 -14"><span class='ocrx_word' id='word_1_7' title='bbox 318 388 564 450; x_wconf 83' lang='lat' dir='ltr'>habetur,</span> <span class='ocrx_word' id='word_1_8' title='bbox 593 406 658 439; x_wconf 80' lang='lat' dir='ltr'>ex</span> <span class='ocrx_word' id='word_1_9' title='bbox 684 386 1021 440; x_wconf 76' lang='lat' dir='ltr'>concessione</span> <span class='ocrx_word' id='word_1_10' title='bbox 1050 389 1346 439; x_wconf 71' lang='lat' dir='ltr'>Clementis</span> <span class='ocrx_word' id='word_1_11' title='bbox 1371 390 1495 439; x_wconf 65' lang='lat' dir='ltr'>RF.</span> <span class='ocrx_word' id='word_1_12' title='bbox 1524 389 1679 438; x_wconf 85' lang='lat' dir='ltr'>XlV.</span> <span class='ocrx_word' id='word_1_13' title='bbox 1709 404 1839 451; x_wconf 45' lang='lat' dir='ltr'>pra&amp;</span> 
     </span>
     <span class='ocr_line' id='line_1_3' title="bbox 317 465 1837 529; baseline -0.001 -14"><span class='ocrx_word' id='word_1_14' title='bbox 317 465 519 515; x_wconf 87' lang='lat' dir='ltr'>dictam</span> <span class='ocrx_word' id='word_1_15' title='bbox 550 465 954 527; x_wconf 78' lang='lat' dir='ltr'>indulgentiam</span> <span class='ocrx_word' id='word_1_16' title='bbox 984 466 1189 516; x_wconf 87' lang='lat' dir='ltr'>lucrari</span> <span class='ocrx_word' id='word_1_17' title='bbox 1218 472 1463 529; x_wconf 71' lang='lat' dir='ltr'>possunt,</span> <span class='ocrx_word' id='word_1_18' title='bbox 1495 465 1588 515; x_wconf 84' lang='lat' dir='ltr'>“si</span> <span class='ocrx_word' id='word_1_19' title='bbox 1618 465 1837 515; x_wconf 72' lang='lat' dir='ltr'>contriti</span> 
     </span>
     <span class='ocr_line' id='line_1_4' title="bbox 313 542 1838 604; baseline 0 -14"><span class='ocrx_word' id='word_1_20' title='bbox 313 559 509 592; x_wconf 89' lang='lat' dir='ltr'>nomen</span> <span class='ocrx_word' id='word_1_21' title='bbox 553 543 687 593; x_wconf 79' lang='lat' dir='ltr'>Jesu</span> <span class='ocrx_word' id='word_1_22' title='bbox 731 543 890 593; x_wconf 91' lang='lat' dir='ltr'>corde</span> <span class='ocrx_word' id='word_1_23' title='bbox 934 543 1126 592; x_wconf 89' lang='lat' dir='ltr'>saltem</span> <span class='ocrx_word' id='word_1_24' title='bbox 1167 542 1559 604; x_wconf 86' lang='lat' dir='ltr'>invocaverint,</span> <span class='ocrx_word' id='word_1_25' title='bbox 1606 549 1657 592; x_wconf 89' lang='lat' dir='ltr'>et</span> <span class='ocrx_word' id='word_1_26' title='bbox 1703 559 1838 591; x_wconf 89' lang='lat' dir='ltr'>mor-</span> 
     </span>
     <span class='ocr_line' id='line_1_5' title="bbox 314 618 1835 681; baseline 0 -13"><span class='ocrx_word' id='word_1_27' title='bbox 314 625 422 669; x_wconf 89' lang='lat' dir='ltr'>tem</span> <span class='ocrx_word' id='word_1_28' title='bbox 465 621 530 669; x_wconf 89' lang='lat' dir='ltr'>de</span> <span class='ocrx_word' id='word_1_29' title='bbox 571 635 737 669; x_wconf 90' lang='lat' dir='ltr'>manu</span> <span class='ocrx_word' id='word_1_30' title='bbox 778 618 1001 668; x_wconf 86' lang='lat' dir='ltr'>Domini</span> <span class='ocrx_word' id='word_1_31' title='bbox 1043 635 1118 678; x_wconf 81' lang='lat' dir='ltr'>ea,</span> <span class='ocrx_word' id='word_1_32' title='bbox 1161 636 1268 681; x_wconf 83' lang='lat' dir='ltr'>qua</span> <span class='ocrx_word' id='word_1_33' title='bbox 1309 619 1476 680; x_wconf 84' lang='lat' dir='ltr'>decet,</span> <span class='ocrx_word' id='word_1_34' title='bbox 1524 619 1835 669; x_wconf 81' lang='lat' dir='ltr'>Christiana</span> 
     </span>
     <span class='ocr_line' id='line_1_6' title="bbox 314 695 1838 760; baseline 0.001 -15"><span class='ocrx_word' id='word_1_35' title='bbox 314 696 483 746; x_wconf 89' lang='lat' dir='ltr'>animi</span> <span class='ocrx_word' id='word_1_36' title='bbox 530 695 851 747; x_wconf 78' lang='lat' dir='ltr'>demissione</span> <span class='ocrx_word' id='word_1_37' title='bbox 895 702 949 747; x_wconf 90' lang='lat' dir='ltr'>et</span> <span class='ocrx_word' id='word_1_38' title='bbox 993 695 1224 760; x_wconf 86' lang='lat' dir='ltr'>spiritus</span> <span class='ocrx_word' id='word_1_39' title='bbox 1270 696 1582 746; x_wconf 88' lang='lat' dir='ltr'>humilitate</span> <span class='ocrx_word' id='word_1_40' title='bbox 1627 712 1838 758; x_wconf 80' lang='lat' dir='ltr'>susc-ep-</span> 
     </span>
     <span class='ocr_line' id='line_1_7' title="bbox 315 772 1840 836; baseline -0.001 -13"><span class='ocrx_word' id='word_1_41' title='bbox 315 774 474 836; x_wconf 74' lang='lat' dir='ltr'>erint,</span> <span class='ocrx_word' id='word_1_42' title='bbox 521 772 868 835; x_wconf 80' lang='lat' dir='ltr'>animamque</span> <span class='ocrx_word' id='word_1_43' title='bbox 912 772 969 821; x_wconf 92' lang='lat' dir='ltr'>in</span> <span class='ocrx_word' id='word_1_44' title='bbox 1014 789 1208 823; x_wconf 90' lang='lat' dir='ltr'>manus</span> <span class='ocrx_word' id='word_1_45' title='bbox 1256 773 1533 824; x_wconf 84' lang='lat' dir='ltr'>Creatoris</span> <span class='ocrx_word' id='word_1_46' title='bbox 1576 773 1659 823; x_wconf 91' lang='lat' dir='ltr'>sui</span> <span class='ocrx_word' id='word_1_47' title='bbox 1705 789 1840 822; x_wconf 78' lang='lat' dir='ltr'>com-</span> 
     </span>
     <span class='ocr_line' id='line_1_8' title="bbox 312 850 1834 912; baseline -0.001 -13"><span class='ocrx_word' id='word_1_48' title='bbox 312 850 760 901; x_wconf 85' lang='lat' dir='ltr'>mendaverint.&#39;⁷</span> <span class='ocrx_word' id='word_1_49' title='bbox 828 851 908 901; x_wconf 93' lang='lat' dir='ltr'>Ne</span> <span class='ocrx_word' id='word_1_50' title='bbox 942 856 1124 900; x_wconf 87' lang='lat' dir='ltr'>autem</span> <span class='ocrx_word' id='word_1_51' title='bbox 1156 851 1339 901; x_wconf 83' lang='lat' dir='ltr'>fideles</span> <span class='ocrx_word' id='word_1_52' title='bbox 1372 851 1436 900; x_wconf 93' lang='lat' dir='ltr'>ob</span> <span class='ocrx_word' id='word_1_53' title='bbox 1469 850 1834 912; x_wconf 76' lang='lat' dir='ltr'>ignorantiam</span> 
     </span>
     <span class='ocr_line' id='line_1_9' title="bbox 311 927 1837 996; baseline -0.001 -19"><span class='ocrx_word' id='word_1_54' title='bbox 311 928 411 978; x_wconf 90' lang='lat' dir='ltr'>hac</span> <span class='ocrx_word' id='word_1_55' title='bbox 447 927 741 991; x_wconf 84' lang='lat' dir='ltr'>priventur</span> <span class='ocrx_word' id='word_1_56' title='bbox 779 927 974 990; x_wconf 85' lang='lat' dir='ltr'>gratia,</span> <span class='ocrx_word' id='word_1_57' title='bbox 1015 928 1142 978; x_wconf 81' lang='lat' dir='ltr'>Rev,</span> <span class='ocrx_word' id='word_1_58' title='bbox 1184 927 1505 978; x_wconf 75' lang='lat' dir='ltr'>Sacerdotes</span> <span class='ocrx_word' id='word_1_59' title='bbox 1538 944 1649 996; x_wconf 88' lang='lat' dir='ltr'>non</span> <span class='ocrx_word' id='word_1_60' title='bbox 1686 927 1837 976; x_wconf 49' lang='lat' dir='ltr'>omita</span> 
     </span>
     <span class='ocr_line' id='line_1_10' title="bbox 310 1004 1838 1067; baseline -0.002 -12"><span class='ocrx_word' id='word_1_61' title='bbox 310 1011 433 1055; x_wconf 91' lang='lat' dir='ltr'>tant</span> <span class='ocrx_word' id='word_1_62' title='bbox 462 1004 694 1055; x_wconf 89' lang='lat' dir='ltr'>subinde</span> <span class='ocrx_word' id='word_1_63' title='bbox 722 1021 940 1067; x_wconf 83' lang='lat' dir='ltr'>gregem</span> <span class='ocrx_word' id='word_1_64' title='bbox 968 1004 1071 1054; x_wconf 89' lang='lat' dir='ltr'>sibi</span> <span class='ocrx_word' id='word_1_65' title='bbox 1101 1004 1443 1054; x_wconf 87' lang='lat' dir='ltr'>commissum</span> <span class='ocrx_word' id='word_1_66' title='bbox 1473 1005 1642 1066; x_wconf 81' lang='lat' dir='ltr'>hujus</span> <span class='ocrx_word' id='word_1_67' title='bbox 1671 1004 1838 1066; x_wconf 77' lang='lat' dir='ltr'>privi-</span> 
     </span>
     <span class='ocr_line' id='line_1_11' title="bbox 311 1081 896 1144; baseline -0.002 -12"><span class='ocrx_word' id='word_1_68' title='bbox 311 1082 439 1144; x_wconf 87' lang='lat' dir='ltr'>legii</span> <span class='ocrx_word' id='word_1_69' title='bbox 469 1098 629 1131; x_wconf 87' lang='lat' dir='ltr'>usum</span> <span class='ocrx_word' id='word_1_70' title='bbox 659 1081 896 1131; x_wconf 88' lang='lat' dir='ltr'>edocere.</span> 
     </span>
    </p>
   </div>
   <div class='ocr_carea' id='block_1_3' title="bbox 168 1169 1838 1532">
    <p class='ocr_par' dir='ltr' id='par_1_3' title="bbox 168 1169 1838 1532">
     <span class='ocr_line' id='line_1_12' title="bbox 244 1169 1838 1235; baseline -0.001 -15"><span class='ocrx_word' id='word_1_71' title='bbox 244 1173 322 1222; x_wconf 79' lang='lat'>16.</span> <span class='ocrx_word' id='word_1_72' title='bbox 401 1171 763 1235; x_wconf 73' lang='lat' dir='ltr'>impertiendi</span> <span class='ocrx_word' id='word_1_73' title='bbox 804 1169 1251 1222; x_wconf 86' lang='lat' dir='ltr'>Benedictionem</span> <span class='ocrx_word' id='word_1_74' title='bbox 1289 1171 1551 1235; x_wconf 90' lang='lat' dir='ltr'>Papalem</span> <span class='ocrx_word' id='word_1_75' title='bbox 1589 1188 1711 1221; x_wconf 87' lang='lat' dir='ltr'>cum</span> <span class='ocrx_word' id='word_1_76' title='bbox 1752 1172 1838 1220; x_wconf 51' lang='lat' dir='ltr'>Ina</span> 
     </span>
     <span class='ocr_line' id='line_1_13' title="bbox 168 1247 1838 1312; baseline -0.002 -12"><span class='ocrx_word' id='word_1_77' title='bbox 168 1248 460 1312; x_wconf 83' lang='lat' dir='ltr'>dulgentia.</span> <span class='ocrx_word' id='word_1_78' title='bbox 506 1249 757 1312; x_wconf 88' lang='lat' dir='ltr'>plenaria</span> <span class='ocrx_word' id='word_1_79' title='bbox 806 1248 1058 1298; x_wconf 87' lang='lat' dir='ltr'>fidelibus</span> <span class='ocrx_word' id='word_1_80' title='bbox 1105 1247 1163 1297; x_wconf 90' lang='lat' dir='ltr'>in</span> <span class='ocrx_word' id='word_1_81' title='bbox 1212 1248 1341 1297; x_wconf 83' lang='lat' dir='ltr'>locis</span> <span class='ocrx_word' id='word_1_82' title='bbox 1389 1248 1705 1298; x_wconf 78' lang='lat' dir='ltr'>missionum</span> <span class='ocrx_word' id='word_1_83' title='bbox 1753 1249 1838 1298; x_wconf 53' lang='lat' dir='ltr'>dea</span> 
     </span>
     <span class='ocr_line' id='line_1_14' title="bbox 171 1325 1837 1394; baseline -0.002 -17"><span class='ocrx_word' id='word_1_84' title='bbox 171 1327 425 1390; x_wconf 87' lang='lat' dir='ltr'>gentibus</span> <span class='ocrx_word' id='word_1_85' title='bbox 453 1327 521 1376; x_wconf 89' lang='lat' dir='ltr'>ad</span> <span class='ocrx_word' id='word_1_86' title='bbox 549 1332 853 1394; x_wconf 78' lang='lat' dir='ltr'>extremum</span> <span class='ocrx_word' id='word_1_87' title='bbox 880 1342 1107 1387; x_wconf 79' lang='lat' dir='ltr'>agonem</span> <span class='ocrx_word' id='word_1_88' title='bbox 1134 1325 1384 1388; x_wconf 82' lang='lat' dir='ltr'>redactiS‚</span> <span class='ocrx_word' id='word_1_89' title='bbox 1414 1326 1706 1376; x_wconf 90' lang='lat' dir='ltr'>dummodo</span> <span class='ocrx_word' id='word_1_90' title='bbox 1733 1343 1837 1376; x_wconf 86' lang='lat' dir='ltr'>ser-</span> 
     </span>
     <span class='ocr_line' id='line_1_15' title="bbox 169 1402 1834 1467; baseline -0.001 -13"><span class='ocrx_word' id='word_1_91' title='bbox 169 1410 329 1454; x_wconf 89' lang='lat' dir='ltr'>vetur</span> <span class='ocrx_word' id='word_1_92' title='bbox 359 1404 601 1454; x_wconf 74' lang='lat' dir='ltr'>formula</span> <span class='ocrx_word' id='word_1_93' title='bbox 630 1403 951 1467; x_wconf 81' lang='lat' dir='ltr'>praescripta</span> <span class='ocrx_word' id='word_1_94' title='bbox 984 1420 1012 1452; x_wconf 93' lang='lat' dir='ltr'>a</span> <span class='ocrx_word' id='word_1_95' title='bbox 1045 1402 1342 1453; x_wconf 85' lang='lat' dir='ltr'>Benedicto</span> <span class='ocrx_word' id='word_1_96' title='bbox 1375 1403 1528 1453; x_wconf 78' lang='lat' dir='ltr'>XIV.</span> <span class='ocrx_word' id='word_1_97' title='bbox 1562 1402 1619 1451; x_wconf 90' lang='lat' dir='ltr'>in</span> <span class='ocrx_word' id='word_1_98' title='bbox 1652 1403 1834 1452; x_wconf 77' lang='lat' dir='ltr'>Const</span> 
     </span>
     <span class='ocr_line' id='line_1_16' title="bbox 171 1479 596 1532; baseline 0.002 -2"><span class='ocrx_word' id='word_1_99' title='bbox 171 1481 319 1532; x_wconf 86' lang='lat' dir='ltr'>“Pia</span> <span class='ocrx_word' id='word_1_100' title='bbox 352 1479 596 1531; x_wconf 81' lang='lat' dir='ltr'>Mater.&#39;&#39;</span> 
     </span>
    </p>
   </div>
   <div class='ocr_carea' id='block_1_4' title="bbox 306 1568 1842 2643">
    <p class='ocr_par' dir='ltr' id='par_1_4' title="bbox 306 1568 1842 2643">
     <span class='ocr_line' id='line_1_17' title="bbox 378 1568 1836 1638; baseline -0.001 -17"><span class='ocrx_word' id='word_1_101' title='bbox 378 1572 734 1621; x_wconf 83' lang='lat' dir='ltr'>NOTA.—Pro</span> <span class='ocrx_word' id='word_1_102' title='bbox 787 1572 888 1621; x_wconf 89' lang='lat' dir='ltr'>hac</span> <span class='ocrx_word' id='word_1_103' title='bbox 944 1569 1333 1621; x_wconf 87' lang='lat' dir='ltr'>Benedictione</span> <span class='ocrx_word' id='word_1_104' title='bbox 1388 1568 1702 1634; x_wconf 87' lang='lat' dir='ltr'>recipienda</span> <span class='ocrx_word' id='word_1_105' title='bbox 1758 1588 1836 1638; x_wconf 51' lang='lat' dir='ltr'>rea</span> 
     </span>
     <span class='ocr_line' id='line_1_18' title="bbox 309 1647 1833 1713; baseline -0.001 -14"><span class='ocrx_word' id='word_1_106' title='bbox 309 1649 553 1713; x_wconf 85' lang='lat' dir='ltr'>quiritur</span> <span class='ocrx_word' id='word_1_107' title='bbox 586 1655 650 1699; x_wconf 91' lang='lat' dir='ltr'>ut</span> <span class='ocrx_word' id='word_1_108' title='bbox 684 1647 954 1711; x_wconf 90' lang='lat' dir='ltr'>recipiens</span> <span class='ocrx_word' id='word_1_109' title='bbox 987 1648 1058 1698; x_wconf 89' lang='lat' dir='ltr'>sit</span> <span class='ocrx_word' id='word_1_110' title='bbox 1091 1647 1149 1697; x_wconf 91' lang='lat' dir='ltr'>in</span> <span class='ocrx_word' id='word_1_111' title='bbox 1182 1647 1427 1711; x_wconf 87' lang='lat' dir='ltr'>periculo</span> <span class='ocrx_word' id='word_1_112' title='bbox 1462 1648 1652 1698; x_wconf 85' lang='lat' dir='ltr'>mortis</span> <span class='ocrx_word' id='word_1_113' title='bbox 1686 1654 1753 1710; x_wconf 74' lang='lat' dir='ltr'>et,</span> <span class='ocrx_word' id='word_1_114' title='bbox 1792 1647 1833 1698; x_wconf 91' lang='lat' dir='ltr'>si</span> 
     </span>
     <span class='ocr_line' id='line_1_19' title="bbox 306 1724 1837 1789; baseline -0.002 -12"><span class='ocrx_word' id='word_1_115' title='bbox 306 1728 484 1778; x_wconf 86' lang='lat' dir='ltr'>adhuc</span> <span class='ocrx_word' id='word_1_116' title='bbox 515 1724 713 1777; x_wconf 89' lang='lat' dir='ltr'>mentis</span> <span class='ocrx_word' id='word_1_117' title='bbox 743 1741 975 1789; x_wconf 83' lang='lat' dir='ltr'>compOS,</span> <span class='ocrx_word' id='word_1_118' title='bbox 1008 1731 1071 1775; x_wconf 90' lang='lat' dir='ltr'>ut</span> <span class='ocrx_word' id='word_1_119' title='bbox 1104 1725 1200 1776; x_wconf 88' lang='lat' dir='ltr'>SS.</span> <span class='ocrx_word' id='word_1_120' title='bbox 1232 1725 1441 1775; x_wconf 87' lang='lat' dir='ltr'>Nomen</span> <span class='ocrx_word' id='word_1_121' title='bbox 1472 1725 1621 1788; x_wconf 56' lang='lat' dir='ltr'>Jesm</span> <span class='ocrx_word' id='word_1_122' title='bbox 1655 1725 1698 1776; x_wconf 89' lang='lat' dir='ltr'>si</span> <span class='ocrx_word' id='word_1_123' title='bbox 1730 1742 1837 1776; x_wconf 89' lang='lat' dir='ltr'>non</span> 
     </span>
     <span class='ocr_line' id='line_1_20' title="bbox 307 1802 1835 1869; baseline -0.002 -13"><span class='ocrx_word' id='word_1_124' title='bbox 307 1810 488 1869; x_wconf 91' lang='lat' dir='ltr'>potest</span> <span class='ocrx_word' id='word_1_125' title='bbox 544 1821 649 1867; x_wconf 84' lang='lat' dir='ltr'>ore,</span> <span class='ocrx_word' id='word_1_126' title='bbox 707 1805 899 1854; x_wconf 86' lang='lat' dir='ltr'>saltem</span> <span class='ocrx_word' id='word_1_127' title='bbox 954 1804 1114 1854; x_wconf 87' lang='lat' dir='ltr'>corde</span> <span class='ocrx_word' id='word_1_128' title='bbox 1170 1802 1398 1853; x_wconf 75' lang='lat' dir='ltr'>invocet.</span> <span class='ocrx_word' id='word_1_129' title='bbox 1474 1805 1581 1853; x_wconf 87' lang='lat' dir='ltr'>Pro</span> <span class='ocrx_word' id='word_1_130' title='bbox 1636 1810 1835 1865; x_wconf 79' lang='lat' dir='ltr'>aegroto</span> 
     </span>
     <span class='ocr_line' id='line_1_21' title="bbox 310 1880 1837 1945; baseline -0.001 -14"><span class='ocrx_word' id='word_1_131' title='bbox 310 1883 507 1933; x_wconf 80' lang='lat' dir='ltr'>ment-is</span> <span class='ocrx_word' id='word_1_132' title='bbox 551 1887 796 1945; x_wconf 89' lang='lat' dir='ltr'>compote</span> <span class='ocrx_word' id='word_1_133' title='bbox 842 1881 1113 1930; x_wconf 83' lang='lat' dir='ltr'>invocatio</span> <span class='ocrx_word' id='word_1_134' title='bbox 1160 1881 1255 1931; x_wconf 90' lang='lat' dir='ltr'>SS.</span> <span class='ocrx_word' id='word_1_135' title='bbox 1301 1880 1550 1931; x_wconf 83' lang='lat' dir='ltr'>Nominis</span> <span class='ocrx_word' id='word_1_136' title='bbox 1596 1887 1673 1931; x_wconf 86' lang='lat' dir='ltr'>est</span> <span class='ocrx_word' id='word_1_137' title='bbox 1719 1898 1837 1931; x_wconf 51' lang='lat' dir='ltr'>cona</span> 
     </span>
     <span class='ocr_line' id='line_1_22' title="bbox 311 1957 1833 2022; baseline -0.001 -12"><span class='ocrx_word' id='word_1_138' title='bbox 311 1960 447 2010; x_wconf 86' lang='lat' dir='ltr'>ditio</span> <span class='ocrx_word' id='word_1_139' title='bbox 486 1959 601 2010; x_wconf 91' lang='lat' dir='ltr'>sine</span> <span class='ocrx_word' id='word_1_140' title='bbox 640 1976 747 2022; x_wconf 88' lang='lat' dir='ltr'>qua</span> <span class='ocrx_word' id='word_1_141' title='bbox 784 1975 909 2008; x_wconf 91' lang='lat' dir='ltr'>non.</span> <span class='ocrx_word' id='word_1_142' title='bbox 986 1958 1070 2008; x_wconf 86' lang='lat' dir='ltr'>Ita</span> <span class='ocrx_word' id='word_1_143' title='bbox 1111 1957 1274 2009; x_wconf 86' lang='lat' dir='ltr'>etiam</span> <span class='ocrx_word' id='word_1_144' title='bbox 1311 1959 1613 2008; x_wconf 87' lang='lat' dir='ltr'>necessario</span> <span class='ocrx_word' id='word_1_145' title='bbox 1651 1959 1833 2009; x_wconf 83' lang='lat' dir='ltr'>adhib-</span> 
     </span>
     <span class='ocr_line' id='line_1_23' title="bbox 315 2034 1836 2099; baseline -0.001 -12"><span class='ocrx_word' id='word_1_146' title='bbox 315 2038 453 2088; x_wconf 89' lang='lat' dir='ltr'>enda</span> <span class='ocrx_word' id='word_1_147' title='bbox 510 2042 589 2087; x_wconf 90' lang='lat' dir='ltr'>est</span> <span class='ocrx_word' id='word_1_148' title='bbox 643 2035 883 2086; x_wconf 80' lang='lat' dir='ltr'>formula</span> <span class='ocrx_word' id='word_1_149' title='bbox 938 2034 1333 2086; x_wconf 87' lang='lat' dir='ltr'>benedictionis</span> <span class='ocrx_word' id='word_1_150' title='bbox 1385 2034 1444 2084; x_wconf 91' lang='lat' dir='ltr'>in</span> <span class='ocrx_word' id='word_1_151' title='bbox 1496 2035 1836 2099; x_wconf 82' lang='lat' dir='ltr'>supracitata</span> 
     </span>
     <span class='ocr_line' id='line_1_24' title="bbox 315 2112 1837 2176; baseline -0.002 -10"><span class='ocrx_word' id='word_1_152' title='bbox 315 2113 720 2166; x_wconf 83' lang='lat' dir='ltr'>Constitutione</span> <span class='ocrx_word' id='word_1_153' title='bbox 758 2112 1084 2176; x_wconf 67' lang='lat' dir='ltr'>praescripta</span> <span class='ocrx_word' id='word_1_154' title='bbox 1123 2118 1186 2163; x_wconf 90' lang='lat' dir='ltr'>ut</span> <span class='ocrx_word' id='word_1_155' title='bbox 1224 2129 1322 2164; x_wconf 91' lang='lat' dir='ltr'>nec</span> <span class='ocrx_word' id='word_1_156' title='bbox 1362 2113 1489 2163; x_wconf 84' lang='lat' dir='ltr'>libri</span> <span class='ocrx_word' id='word_1_157' title='bbox 1530 2112 1837 2164; x_wconf 86' lang='lat' dir='ltr'>deficientia</span> 
     </span>
     <span class='ocr_line' id='line_1_25' title="bbox 311 2189 1835 2254; baseline -0.003 -12"><span class='ocrx_word' id='word_1_158' title='bbox 311 2199 543 2243; x_wconf 79' lang='lat' dir='ltr'>excuset.</span> <span class='ocrx_word' id='word_1_159' title='bbox 630 2192 908 2253; x_wconf 85' lang='lat' dir='ltr'>Attamen,</span> <span class='ocrx_word' id='word_1_160' title='bbox 958 2189 1002 2240; x_wconf 92' lang='lat' dir='ltr'>si</span> <span class='ocrx_word' id='word_1_161' title='bbox 1051 2189 1195 2240; x_wconf 89' lang='lat' dir='ltr'>adsit</span> <span class='ocrx_word' id='word_1_162' title='bbox 1242 2189 1551 2254; x_wconf 89' lang='lat' dir='ltr'>periculum</span> <span class='ocrx_word' id='word_1_163' title='bbox 1599 2189 1835 2252; x_wconf 86' lang='lat' dir='ltr'>contagii</span> 
     </span>
     <span class='ocr_line' id='line_1_26' title="bbox 310 2267 1838 2333; baseline -0.003 -12"><span class='ocrx_word' id='word_1_164' title='bbox 310 2272 395 2321; x_wconf 88' lang='lat' dir='ltr'>vel</span> <span class='ocrx_word' id='word_1_165' title='bbox 441 2269 484 2320; x_wconf 91' lang='lat' dir='ltr'>si</span> <span class='ocrx_word' id='word_1_166' title='bbox 533 2286 676 2319; x_wconf 90' lang='lat' dir='ltr'>mors</span> <span class='ocrx_word' id='word_1_167' title='bbox 722 2268 968 2333; x_wconf 81' lang='lat' dir='ltr'>proxime</span> <span class='ocrx_word' id='word_1_168' title='bbox 1014 2267 1311 2330; x_wconf 86' lang='lat' dir='ltr'>immineat,</span> <span class='ocrx_word' id='word_1_169' title='bbox 1361 2284 1424 2317; x_wconf 85' lang='lat' dir='ltr'>ex</span> <span class='ocrx_word' id='word_1_170' title='bbox 1470 2267 1838 2318; x_wconf 81' lang='lat' dir='ltr'>declaratione</span> 
     </span>
     <span class='ocr_line' id='line_1_27' title="bbox 317 2344 1842 2408; baseline -0.004 -9"><span class='ocrx_word' id='word_1_171' title='bbox 317 2347 369 2399; x_wconf 88' lang='lat' dir='ltr'>S.</span> <span class='ocrx_word' id='word_1_172' title='bbox 410 2348 471 2398; x_wconf 85' lang='lat' dir='ltr'>R.</span> <span class='ocrx_word' id='word_1_173' title='bbox 513 2346 570 2398; x_wconf 86' lang='lat' dir='ltr'>C.</span> <span class='ocrx_word' id='word_1_174' title='bbox 611 2346 661 2397; x_wconf 88' lang='lat' dir='ltr'>d.</span> <span class='ocrx_word' id='word_1_175' title='bbox 702 2346 731 2396; x_wconf 89' lang='grc'>8</span> <span class='ocrx_word' id='word_1_176' title='bbox 769 2345 920 2408; x_wconf 79' lang='lat' dir='ltr'>Maii,</span> <span class='ocrx_word' id='word_1_177' title='bbox 964 2345 1114 2408; x_wconf 85' lang='lat'>1879,</span> <span class='ocrx_word' id='word_1_178' title='bbox 1156 2344 1335 2396; x_wconf 81' lang='lat' dir='ltr'>dicere</span> <span class='ocrx_word' id='word_1_179' title='bbox 1373 2344 1600 2395; x_wconf 87' lang='lat' dir='ltr'>sufficiet</span> <span class='ocrx_word' id='word_1_180' title='bbox 1618 2344 1842 2395; x_wconf 82' lang='lat' dir='ltr'>:—·“In·</span> 
     </span>
     <span class='ocr_line' id='line_1_28' title="bbox 314 2422 1836 2488; baseline -0.004 -11"><span class='ocrx_word' id='word_1_181' title='bbox 314 2425 656 2488; x_wconf 89' lang='lat' dir='ltr'>dulgentiam</span> <span class='ocrx_word' id='word_1_182' title='bbox 709 2423 1016 2487; x_wconf 86' lang='lat' dir='ltr'>plenariam</span> <span class='ocrx_word' id='word_1_183' title='bbox 1069 2428 1121 2473; x_wconf 93' lang='lat' dir='ltr'>et</span> <span class='ocrx_word' id='word_1_184' title='bbox 1175 2422 1544 2474; x_wconf 90' lang='lat' dir='ltr'>remissionem</span> <span class='ocrx_word' id='word_1_185' title='bbox 1597 2423 1836 2473; x_wconf 85' lang='lat' dir='ltr'>omnium</span> 
     </span>
     <span class='ocr_line' id='line_1_29' title="bbox 312 2499 1838 2567; baseline -0.003 -13"><span class='ocrx_word' id='word_1_186' title='bbox 312 2508 661 2567; x_wconf 88' lang='lat' dir='ltr'>peccatorum</span> <span class='ocrx_word' id='word_1_187' title='bbox 703 2501 805 2552; x_wconf 90' lang='lat' dir='ltr'>tibi</span> <span class='ocrx_word' id='word_1_188' title='bbox 848 2501 1096 2551; x_wconf 86' lang='lat' dir='ltr'>concedo.</span> <span class='ocrx_word' id='word_1_189' title='bbox 1178 2500 1246 2550; x_wconf 91' lang='lat' dir='ltr'>In</span> <span class='ocrx_word' id='word_1_190' title='bbox 1287 2499 1504 2551; x_wconf 89' lang='lat' dir='ltr'>nomine</span> <span class='ocrx_word' id='word_1_191' title='bbox 1547 2500 1734 2550; x_wconf 87' lang='lat' dir='ltr'>Patris</span> <span class='ocrx_word' id='word_1_192' title='bbox 1775 2502 1838 2564; x_wconf 75' lang='lat'>›1‹</span> 
     </span>
     <span class='ocr_line' id='line_1_30' title="bbox 312 2575 1438 2643; baseline -0.004 -11"><span class='ocrx_word' id='word_1_193' title='bbox 312 2588 364 2632; x_wconf 85' lang='lat' dir='ltr'>et</span> <span class='ocrx_word' id='word_1_194' title='bbox 396 2579 527 2630; x_wconf 84' lang='lat' dir='ltr'>Filii</span> <span class='ocrx_word' id='word_1_195' title='bbox 558 2585 610 2631; x_wconf 88' lang='lat' dir='ltr'>et</span> <span class='ocrx_word' id='word_1_196' title='bbox 644 2578 888 2643; x_wconf 85' lang='lat' dir='ltr'>Spiritus</span> <span class='ocrx_word' id='word_1_197' title='bbox 921 2577 1125 2629; x_wconf 83' lang='lat' dir='ltr'>Sancti.</span> <span class='ocrx_word' id='word_1_198' title='bbox 1194 2575 1438 2628; x_wconf 88' lang='lat' dir='ltr'>Amen.&#39;&#39;</span> 
     </span>
    </p>
   </div>
   <div class='ocr_carea' id='block_1_5' title="bbox 244 2673 1837 2738">
    <p class='ocr_par' dir='ltr' id='par_1_5' title="bbox 244 2673 1837 2738">
     <span class='ocr_line' id='line_1_31' title="bbox 244 2673 1837 2738; baseline -0.002 -10"><span class='ocrx_word' id='word_1_199' title='bbox 244 2681 324 2730; x_wconf 85' lang='lat'>17.</span> <span class='ocrx_word' id='word_1_200' title='bbox 401 2675 770 2728; x_wconf 84' lang='lat' dir='ltr'>Benedicendi</span> <span class='ocrx_word' id='word_1_201' title='bbox 821 2680 1147 2738; x_wconf 88' lang='lat' dir='ltr'>paramenta.</span> <span class='ocrx_word' id='word_1_202' title='bbox 1197 2681 1248 2726; x_wconf 92' lang='lat' dir='ltr'>et</span> <span class='ocrx_word' id='word_1_203' title='bbox 1299 2674 1405 2725; x_wconf 86' lang='lat' dir='ltr'>alia</span> <span class='ocrx_word' id='word_1_204' title='bbox 1458 2674 1712 2726; x_wconf 87' lang='lat' dir='ltr'>utensilia</span> <span class='ocrx_word' id='word_1_205' title='bbox 1769 2673 1837 2725; x_wconf 85' lang='lat' dir='ltr'>ad</span> 
     </span>
    </p>
   </div>
  </div>
 </body>
</html>
