2002 3042
480 201 533 248 M
541 200 640 247 Ax
653 199 847 248 CALE
887 197 940 244 M
948 197 972 244 l
979 198 1017 246 8
1023 197 1060 246 S
1066 197 1091 243 l
1098 195 1329 246 oNARl
1338 195 1434 245 ΟΕ
1443 194 1485 244 U
1490 195 1543 242 Δ11
1745 195 1838 242 101

191 409 315 455 ceps
345 391 656 454 adscriptus
684 390 910 440 induere
942 390 1113 450 debet,
1147 404 1355 437 necesse
1388 392 1465 436 est
1498 393 1557 435 ut
1589 385 1659 434 sit
1694 386 1841 434 bene-

191 470 412 519 dictum.
1827 467 1833 471 ’

263 560 308 609 9.
385 559 503 607 Non
529 563 605 607 est
632 574 841 607 necesse
868 562 928 605 ut
956 556 1136 605 fideles
1162 553 1427 604 induendi
1454 553 1687 602 habeant
1715 568 1845 614 prae

193 631 440 686 manibus
472 636 783 697 Scapulare,
816 633 946 682 dum
975 631 1374 682 benedicuntur
1406 647 1433 679 a
1462 630 1753 689 sacerdote,
1785 635 1843 678 ut

192 713 489 763 declaravit
524 713 583 762 R.
619 713 676 761 P.
710 712 773 761 N.
811 710 1001 760 Gener.
1037 710 1121 759 die
1156 711 1219 758 10
1253 707 1442 758 Martii
1477 708 1623 767 1856,
1658 723 1752 756 nec
1787 712 1844 755 ut

195 792 297 840 ista
326 789 718 840 benedicantur
746 805 924 837 coram
954 787 1262 846 induendis,
1291 786 1539 835 sacerdos
1568 784 1847 846 imponens

196 873 372 930 potest
405 867 486 917 uti
518 866 896 929 scapularibus
930 865 1043 927 jam
1077 881 1106 914 a
1141 880 1194 914 se
1229 862 1540 924 benedictis,
1578 868 1635 911 ut
1671 866 1847 909 censet

195 945 473 1006 Beringer.

968 1100 1071 1149 ΙΙΙ.

819 1197 1224 1249 IMPOSITIO.

266 1322 310 1369 1.
388 1320 487 1369 Est
525 1319 589 1369 de
626 1317 947 1379 substantia,
986 1322 1047 1366 ut
1083 1317 1368 1378 scapulare
1403 1313 1574 1364 sodali
1612 1313 1848 1376 impona-

195 1403 289 1447 tur
315 1398 487 1447 solum
516 1397 582 1445 ab
611 1397 841 1446 habente
870 1394 1206 1444 ordinariam
1234 1394 1320 1443 vel
1350 1393 1654 1453 delegatam
1683 1390 1849 1439 facul-

195 1480 363 1524 tatem
396 1474 535 1523 illud
563 1472 878 1536 inponendi.

266 1565 312 1614 2.
387 1565 474 1614 Ab
503 1564 686 1614 eodem
717 1563 992 1612 sacerdote
1022 1559 1331 1624 scapularia
1360 1558 1565 1623 imponi
1597 1559 1794 1608 debent
1824 1573 1851 1606 a

197 1658 301 1704 quo
329 1642 446 1705 ipsa
473 1641 887 1691 benedicuntur.

267 1734 312 1782 3.
389 1733 509 1781 Non
540 1731 750 1793 sufficit,
782 1736 843 1780 ut
875 1730 1122 1780 sacerdos
1152 1729 1435 1791 scapulare
1466 1727 1523 1776 in
1556 1744 1748 1777 manus
1776 1725 1850 1774 in-

199 1810 403 1860 duendi
435 1811 637 1870 tradat,
669 1809 760 1858 sed
793 1809 948 1858 debet
979 1807 1099 1869 ejus
1129 1807 1263 1856 collo
1292 1806 1583 1868 imponere.

268 1888 529 1937 Attamen
575 1886 792 1948 quando
855 1885 1007 1935 adest
1071 1883 1362 1934 difficultas
1424 1881 1749 1945 proveniens
1792 1897 1854 1930 ex

199 1964 395 2028 capitis
426 1969 739 2025 tegumento
771 1963 882 2013 sive
914 1979 1013 2025 pro
1046 1961 1381 2021 mulieribus,
1415 1959 1525 2010 sive
1558 1976 1657 2022 pro
1691 1957 1854 2008 moni-

199 2043 389 2104 alibus,
419 2047 550 2091 tunc
578 2046 754 2104 potest
782 2039 878 2090 uni
906 2045 1123 2089 tantum
1149 2040 1373 2088 humero
1400 2035 1623 2100 imponi.

268 2134 314 2182 4.
390 2133 479 2182 Ad
502 2131 741 2181 validam
766 2129 1164 2193 impositionem
1186 2128 1517 2192 proferenda
1543 2132 1670 2176 sunt
1693 2125 1854 2175 verba

201 2227 338 2272 quae
381 2215 509 2259 sunt
552 2207 936 2258 substantialia
979 2207 1049 2257 ad
1094 2206 1311 2256 forman
1356 2204 1559 2256 decreti
1605 2204 1657 2254 S.
1707 2203 1764 2253 C.
1814 2202 1855 2252 Ι.

202 2289 265 2337 18
293 2288 434 2349 Aug.
468 2287 616 2335 1868.

271 2378 317 2427 5.
393 2377 542 2426 Licet
582 2375 848 2426 sacerdoti
888 2374 944 2423 in
984 2372 1326 2436 impositione
1365 2370 1750 2435 scapularium,
1792 2370 1857 2420 ab

204 2455 443 2505 Ecclesia
481 2454 925 2517 approbatorum,
964 2451 1213 2502 omnibus
1250 2451 1353 2501 rite
1391 2449 1641 2513 peractis,
1681 2448 1857 2498 dicere

201 2534 362 2582 semel
405 2548 630 2581 numero
674 2527 880 2594 plurali
924 2529 1247 2579 formulam:
1326 2527 1596 2590 Accipite,
1637 2526 1857 2588 fratres,

203 2611 286 2660 vel
312 2626 519 2660 sorores
545 2615 661 2670 etc„
690 2607 1017 2670 imponendo
1044 2605 1340 2656 successive
1367 2611 1418 2656 et
1444 2604 1558 2655 sine
1585 2603 1856 2665 interrup-

202 2687 346 2736 tione
381 2688 664 2750 scapulare
699 2685 947 2736 omnibus
981 2683 1374 2747 praesentibus,
