2002 3042
194 199 258 245 22
492 199 861 262 JJANUALE
901 200 1565 250 MISSIONARJORUM

268 394 313 438 ὅ.
379 390 719 452 Applicandi
748 392 1090 441 moribundis
1116 394 1214 442 sub
1243 393 1512 443 consuetis
1541 393 1862 443 conditioni-

191 466 291 515 bus
310 463 713 528 indulgentiam
735 467 1055 531 plenariam,
1079 468 1412 531 porrigendo
1432 469 1723 534 proprium
1749 486 1865 520 cru-

197 543 416 592 cifixum
453 544 523 593 ad
560 545 616 595 id
654 548 815 596 semel
853 546 1083 596 electum
1120 548 1460 609 tangendum
1497 550 1583 599 vel
1620 550 1861 598 osculan-

197 621 343 671 dum.
427 620 513 683 (C.
548 637 600 672 n.
638 623 766 672 354:
803 639 986 674 omnes
1020 623 1223 681 Nostri,
1259 641 1371 674 non
1405 626 1709 676 sacerdotes
1744 631 1861 676 tan-

195 703 328 760 tum,
364 699 464 747 hac
498 688 764 750 facultate
799 699 882 750 uti
914 706 1160 763 possunt,
1197 702 1262 752 de
1294 701 1515 752 licentia
1551 701 1862 765 Superioris

195 775 387 824 saltem
429 776 811 840 praesumpta.)

267 872 502 936 Insuper
534 874 918 925 MlssIONARns
949 880 1028 926 est
1060 875 1325 926 facultas:

267 964 312 1013 9.
378 964 748 1015 Benedicendi
777 971 830 1017 et
857 965 1104 1028 erigendi
1131 983 1345 1016 crucem
1372 966 1648 1018 Missionis
1673 967 1731 1017 in
1758 967 1862 1018 fine

195 1041 280 1168 vg]
330 1041 564 1178 deculrsu
609 1041 948 1106 Missionum‚
995 1043 1201 1093 utendo
1248 1043 1491 1094 formula
1537 1046 1860 1108 approbat-a.

205 1118 221 1179 (
283 1159 290 1167 .
326 1134 378 1167 n.
413 1119 444 1167 7
486 1160 494 1168 .

267 1209 347 1258 10.
425 1208 611 1259 Dandi
648 1208 706 1258 in
744 1209 851 1260 fine
890 1210 1166 1261 Missionis
1203 1211 1579 1274 Apostolicam
1617 1212 1862 1263 benedic-

195 1285 398 1335 tionem
438 1302 562 1336 cum
598 1285 948 1349 indulgentia
984 1287 1265 1350 plenaria:
1316 1288 1426 1350 (uti
1465 1289 1663 1340 debent
1702 1290 1860 1341 unico

196 1362 374 1413 crucis
408 1362 630 1424 ductu).
714 1363 800 1426 (O.
834 1381 886 1415 n.
922 1364 987 1414 72
1021 1369 1074 1415 et
1106 1363 1217 1425 73.)
1300 1366 1426 1416 Vel:
1459 1366 1573 1416 loco
1606 1365 1689 1415 sui
1725 1367 1862 1417 dele-

196 1440 363 1502 gandi
396 1441 465 1490 ad
497 1441 594 1490 hoc
628 1440 933 1503 digniorem
966 1458 1029 1491 ex
1062 1441 1204 1491 clero
1237 1442 1497 1493 saeculari.
1531 1443 1655 1505 (ib.)

198 1620 691 1681 11.-Facu1tates,
719 1638 824 1686 pro
848 1638 1089 1687 quarum
1115 1638 1224 1672 usu
1248 1624 1653 1673 recurrendum
1679 1631 1766 1673 est
1793 1623 1863 1673 ad

267 1704 628 1769 Superiorem
664 1705 931 1756 localem:

181 1824 186 1828 ’
266 1825 310 1873 1.
381 1824 718 1876 Absolvendi
739 1816 783 1876 ¹a
814 1825 1028 1876 casibus
1060 1826 1362 1889 Papalibus
1393 1826 1673 1876 ordinario
1707 1826 1863 1875 modo

196 1900 501 1952 reservatis.
579 1901 665 1964 (G.
698 1919 750 1953 n.
782 1903 828 1953 4.
864 1919 927 1953 ex
960 1903 1064 1954 fac.
1097 1903 1518 1964 vicennalibus)

264 1992 311 2042 2.
380 1992 753 2056 Dispensandi
783 1993 840 2043 in
872 1993 1286 2056 irregularitate
1315 2011 1379 2045 ex
1409 1993 1606 2044 delicto
1637 1995 1861 2054 occulto.

96 2108 99 2110 -
195 2075 419 2133 excepto
446 2070 737 2121 homicidio
766 2070 1079 2122 voluntario
1117 2071 1390 2134 (intellige
1419 2071 1583 2122 etiam
1611 2072 1862 2122 abortum

198 2147 360 2197 foetus
390 2146 672 2210 animati),
702 2147 1049 2199 mutilatione
1078 2154 1131 2199 et
1159 2148 1413 2210 bigamia,
1444 2148 1501 2197 in
1530 2147 1650 2198 foro
1681 2154 1863 2199 autem

196 2223 536 2275 conscientiae
575 2229 810 2276 tantum.

266 2308 434 2359 Item:
506 2308 878 2373 Dispensandi
930 2309 988 2358 in
1042 2309 1285 2372 qualibet
1335 2309 1747 2371 irregularitate
1799 2326 1861 2359 ex

197 2385 394 2436 delicto
423 2387 648 2450 occulto,
680 2386 781 2437 etsi
811 2386 947 2437 alias
976 2403 1230 2450 expressa
1261 2392 1313 2437 et
1342 2386 1631 2437 individua
1662 2386 1862 2437 mentio

196 2463 530 2526 requiratur,
586 2463 679 2513 sed
733 2464 909 2514 solum
962 2463 1456 2514 communicabilis:
1513 2481 1560 2526 a,
1615 2464 1863 2515 Mission-

196 2540 345 2602 ariis,
390 2541 520 2591 dum
564 2541 851 2591 tradendis
893 2541 1064 2592 sacris
1104 2540 1456 2592 Missionibus
1500 2541 1585 2592 vel
1628 2540 1863 2604 publicis

197 2616 470 2668 exercitiis
506 2617 861 2679 incumbunt;
901 2618 949 2680 b,
983 2617 1150 2681 idque
1186 2617 1244 2668 in
1280 2618 1401 2668 foro
1436 2617 1776 2669 conscientiae
1812 2622 1862 2668 et

197 2698 323 2745 actu
356 2695 741 2745 sacramentali
774 2694 1128 2756 confessionis
1166 2699 1396 2745 tantum.
1431 2694 1516 2757 (C.
1552 2712 1604 2745 n.
1643 2696 1787 2755 174.)
