2002 3042
461 190 831 239 MANUALE
869 190 1527 241 MISSIONARIORUM
1762 191 1824 241 71

173 397 469 444 puerorum
528 381 639 442 (vel
688 383 1013 445 puellarum,
1065 381 1109 432 si
1157 383 1297 432 solae
1346 381 1529 431 adsint
1577 381 1817 445 puellae)

173 471 544 533 praesentium
602 470 984 533 innocentiam,
1031 477 1082 522 et
1159 472 1228 522 ad
1291 489 1475 522 eorum
1535 478 1826 534 parentum

172 561 526 624 devotionem,
582 567 636 612 et
688 563 977 612 clementer
1029 579 1115 612 eos
1177 564 1288 624 (vel
1342 562 1455 623 eas)
1519 563 1676 613 hodie
1729 580 1827 626 per

173 650 536 701 ministerium
587 656 834 701 nostrum
884 653 1239 716 beneffldic3
1293 658 1354 702 ut
1409 652 1465 701 in
1518 659 1614 703 tua
1649 652 1827 714 gratia

165 747 218 792 et
255 741 627 791 misericordia>
663 757 874 804 semper
907 741 1213 805 proficiant,
1253 749 1304 792 te
1343 742 1575 805 sapiant,
1616 750 1668 794 te
1705 743 1824 793 dili-

166 837 313 893 gant,
358 837 410 882 te
454 831 697 893 timeant,
744 837 796 882 et
841 832 1101 882 mandata
1144 837 1239 881 tua
1283 832 1609 895 custodiant,
1657 838 1708 883 et
1754 834 1823 883 ad

164 921 324 971 finem
363 926 614 984 optatum
654 921 891 971 feliciter
928 921 1281 985 perveniant:
1322 939 1420 984 per
1458 927 1526 984 te,
1571 923 1824 973 Salvator

164 1011 370 1073 mundi,
397 1011 489 1073 qui
513 1028 635 1061 cum
658 1012 822 1062 Patre
846 1018 898 1062 et
920 1010 1141 1075 'Spiritu
1164 1011 1363 1062 Sancto
1388 1011 1527 1061 vivis
1553 1018 1604 1063 et
1629 1029 1823 1075 regnas

167 1100 315 1151 Deus
343 1101 400 1150 in
429 1102 642 1152 saecula
671 1103 1024 1153 saeculorum.
1125 1102 1189 1153 R.
1222 1103 1412 1152 Amen.

863 1226 1117 1278 OREMUS.

230 1329 493 1392 Defende,
536 1346 862 1392 quaesumus
905 1329 1150 1393 Domine,
1193 1331 1350 1381 bea-ta
1392 1331 1568 1380 Maria
1611 1340 1822 1395 semper

166 1419 394 1481 Virgine
425 1419 810 1483 intercedente,
843 1419 1003 1470 istam
1032 1421 1099 1471 ab
1130 1420 1275 1471 omni
1305 1421 1635 1472 adversitate
1667 1420 1822 1471 fami·
1854 1420 1863 1429 ’

165 1509 322 1559 liam:
354 1515 406 1560 et
436 1515 548 1560 toto
578 1510 739 1561 corde
765 1510 867 1560 tibi
895 1515 1245 1574 prostratam,
1277 1512 1343 1561 ab
1372 1511 1609 1561 hostium
1640 1512 1821 1574 propi-

156 1592 270 1649 tius
295 1603 449 1650 tuere
474 1600 766 1650 clementer
791 1599 1019 1650 insidiis,
1083 1601 1189 1651 Per
1217 1600 1498 1651 Christum
1524 1601 1820 1651 Dominum
1899 1610 1906 1617 ⁴

159 1695 421 1740 nostrum.
493 1690 557 1740 R.
630 1690 821 1741 Amen.

859 1828 1114 1883 OREMUS.

231 1931 380 1983 Deus
407 1931 500 1995 qui
528 1931 793 1984 ineffabili
820 1932 1171 1996 providentia
1195 1938 1408 1983 sanctos
1433 1933 1672 1996 Angelos
1699 1939 1820 1983 tuos

161 2022 231 2072 ad
269 2028 511 2072 nostram
549 2023 851 2073 custodiam
887 2023 1103 2075 mittere
1140 2023 1414 2086 dignaris:
1454 2024 1655 2086 largire
1694 2041 1818 2087 sup-

159 2111 395 2174 plicibus
421 2111 531 2163 tuis
548 2134 559 2174 3
590 2118 644 2164 et
669 2129 856 2163 eorum
886 2130 1099 2176 semper
1125 2113 1461 2177 protectione
1493 2113 1732 2177 defendi,
1767 2119 1819 2164 et

161 2207 381 2253 aeterna
425 2202 678 2254 societate
720 2204 972 2266 gaudere.
1050 2205 1156 2255 Per
1200 2203 1480 2255 Christum
1522 2204 1817 2254 Dominum

158 2297 421 2343 nostrum.
489 2292 552 2344 R.
621 2293 814 2345 Amen.

227 2397 424 2447 Postea
447 2413 612 2448 manu
636 2398 860 2448 deoetera
882 2399 1189 2462 producens
1211 2399 1427 2463 siquam
1452 2399 1627 2451 crucis
1652 2416 1816 2463 super

157 2485 373 2549 puero&
407 2487 676 2538 benedicit
706 2504 809 2551 eos,
838 2488 1051 2540 dicens:

228 2575 525 2627 Benedicat
553 2593 648 2627 vos
678 2577 840 2641 DeUS,
872 2583 926 2629 et
952 2579 1223 2630 custodiat
1252 2580 1415 2630 corda
1444 2585 1625 2631 vestra
1655 2585 1708 2630 et
1737 2579 1815 2628 in-

155 2666 484 2728 telligentias
530 2673 753 2731 vestraS,
803 2668 983 2731 Pater,
1028 2674 1081 2720 et
1125 2668 1303 2720 Filius
1324 2671 1387 2735 ›1‹
1411 2712 1421 2732 ,
1470 2675 1522 2721 et
1568 2670 1812 2734 Spiritus
