2002 3042
198 182 260 230 78
494 181 865 231 MANUALE
905 142 1567 235 MISSIONARIORUJZ

200 389 504 436 poenarum
539 373 926 437 remissionem,
964 378 1014 424 et
1051 374 1221 426 vitam
1255 375 1325 425 sit
1361 381 1751 427 consecuturus
1788 392 1867 427 ae-

205 455 430 501 ternam.

272 538 537 589 Sacerdos
574 538 749 590 dicat.-

205 624 267 675 V.
342 625 708 687 Adjutorium
738 632 989 676 nostrum
1019 625 1076 676 in
1107 627 1325 678 nomine
1357 626 1594 677 Domini.

201 712 264 762 R.
343 712 449 775 Qui
482 712 613 775 fecit
649 714 856 764 coelum
888 720 940 763 et
971 719 1192 764 terram.

271 799 611 862 Antiphonti.
657 799 736 851 Ne
762 799 1145 865 reminiscaris,
1173 800 1418 864 Domine,
1448 802 1646 852 delicta
1674 801 1867 851 famuli

201 886 286 936 tui
342 888 453 949 (vel
498 887 728 938 ancillae
771 888 964 948 tuae):
1011 904 1185 950 neque
1232 887 1534 938 vindictam
1579 904 1760 938 sumas
1805 888 1868 938 de

200 974 440 1038 peccatis
471 974 606 1036 ejus,

270 1061 445 1123 Kyrie
481 1061 695 1113 eleison.
770 1061 987 1113 Christe
1022 1061 1237 1113 eleison.
1309 1061 1484 1124 Kyrie
1518 1062 1732 1113 eleison.

273 1150 440 1200 Pater
470 1155 669 1201 noster.

204 1237 267 1288 V.
343 1238 418 1288 Et
449 1254 516 1288 ne
546 1254 642 1288 nos
672 1237 902 1288 inducas
933 1237 990 1287 in
1020 1237 1396 1289 tentationem.

201 1325 264 1374 R.
342 1324 450 1376 Sed
476 1324 650 1375 libera
671 1341 770 1375 nos
795 1342 826 1376 a
854 1325 1010 1375 malo,

207 1412 268 1462 V.
345 1412 572 1463 Salvum
606 1411 695 1462 fac
729 1429 947 1463 servum
981 1418 1140 1462 tuum
1182 1413 1294 1475 (vel
1329 1411 1584 1461 ancillam
1616 1416 1784 1474 tuam,
1822 1415 1871 1460 et

412 1499 487 1550 sic
524 1499 832 1563 deinceps).

202 1587 265 1638 R.
341 1587 490 1638 Deus
527 1604 691 1650 meuS,
731 1592 1043 1650 sperantem
1079 1586 1137 1636 in
1173 1592 1241 1638 te.

205 1677 266 1727 V.
342 1675 589 1739 Domine,
620 1675 818 1726 exaudi
846 1674 1147 1726 orationem
1175 1690 1364 1726 meam.

199 1762 262 1813 R.
339 1763 416 1814 Et
446 1764 652 1813 clamor
685 1779 836 1813 meus
867 1763 936 1812 ad
968 1768 1020 1813 te
1055 1761 1254 1812 veniat.

204 1854 264 1902 V.
340 1850 609 1903 Dominus
635 1850 930 1903 vobiscum.

200 1940 262 1990 R.
340 1940 414 1990 Et
437 1956 559 1990 cum
585 1938 789 2002 spiritu
813 1943 925 1990 tuo‚

908 2039 1166 2092 OREMus.

275 2127 705 2179 Clementissime
774 2127 936 2190 Deus,
1005 2127 1171 2177 Pater
1237 2123 1752 2187 misericordiarum,
1822 2127 1873 2176 et

203 2217 354 2268 Deus
378 2216 547 2268 totius
574 2214 972 2277 consolationis,
1005 2214 1098 2277 qui
1123 2213 1394 2265 neminem
1421 2213 1503 2264 vis
1529 2213 1710 2277 perire
1736 2213 1793 2262 in
1820 2218 1872 2263 te

188 2306 525 2365 credentem,
561 2309 724 2366 atque
755 2307 1096 2366 sperantem:
1128 2302 1427 2351 secundum
1460 2300 1870 2351 multitudinem

203 2393 615 2444 miserationum
638 2398 862 2442 tuarum
887 2390 1094 2453 respice
1116 2389 1393 2454 propitius
1419 2388 1691 2439 famulum
1714 2393 1871 2438 tuum

204 2482 285 2544 N„
315 2499 474 2544 quem
501 2480 603 2531 tibi
627 2497 755 2531 vera
782 2479 930 2541 fides,
960 2484 1011 2530 et
1038 2493 1159 2542 spes
1187 2477 1485 2528 christiana
1514 2477 1869 2527 commendat.

204 2569 383 2620 Visita
419 2586 540 2620 eum
578 2568 634 2617 in
671 2567 902 2618 salutari
941 2573 1052 2628 tuo,
1089 2572 1140 2617 et
1177 2582 1276 2630 per
1313 2563 1598 2627 Unigeniti
1636 2564 1719 2614 tui
1754 2580 1871 2627 pas-

203 2659 404 2708 sionem
442 2662 492 2706 et
532 2662 774 2709 mortem.
811 2654 1052 2704 omnium
1092 2653 1137 2704 ei
1176 2653 1497 2704 delictorum
1535 2669 1757 2702 suorum
1795 2669 1871 2702 re-
