2002 3042
217 196 280 242 86
514 193 678 241 MAN
688 191 885 241 UALE
924 190 1127 241 Λ111881
1137 190 1369 240 ONARI
1378 189 1474 240 ΟΕ
1483 189 1587 239 ΠΜ

219 385 311 448 qui
357 386 469 446 (vel
503 384 667 447 quae)
713 401 774 434 ea
807 382 1218 446 assumpserint,
1255 382 1441 432 eadem
1477 380 1753 431 Genitrice
1788 384 1884 429 tua.

220 476 605 538 intercedente,
645 476 716 525 Te
752 491 964 537 quoque
1002 474 1255 524 Salutare
1290 477 1538 522 nostrum
1574 487 1798 534 corpore
1834 475 1885 519 et

219 566 399 617 anima
451 565 679 617 induere
728 569 1070 615 mereantur:
1155 563 1260 626 Qui
1305 562 1445 612 vivis
1490 568 1541 612 et
1588 578 1783 623 regnas
1829 560 1883 608 in

219 658 431 707 saecula
467 657 822 707 saeculorum.

287 754 350 804 R.
426 754 618 804 Amen.

526 866 792 917 Sacerdos
823 861 1078 928 asperyab
1110 880 1253 927 aqua
1284 863 1582 914 benedicta.

786 983 986 1033 MODUs
1016 981 1316 1032 INDUENDI.

217 1097 481 1148 Sacerdos
521 1096 772 1147 omnibus
809 1095 1119 1158 scapularia
1159 1093 1483 1157 sinyillatim
1520 1093 1786 1155 imponat,
1825 1108 1883 1142 ac

320 1174 516 1224 deinde
550 1173 850 1235 formulam
884 1172 1137 1236 proferat
1173 1188 1344 1234 supra
1381 1186 1562 1221 omnes
1600 1169 1777 1220 simul.

286 1297 330 1347 1.
407 1295 658 1359 Accipite
688 1295 938 1346 habitum
972 1294 1198 1346 Ordinis
1231 1293 1616 1345 Sanctissimae
1648 1290 1883 1341 Trinita-
1913 1351 1925 1362 ·

213 1387 284 1438 tis
321 1387 377 1436 in
415 1387 556 1449 fidei,
596 1386 710 1450 spei
749 1391 803 1437 et
840 1385 1089 1436 caritatis
1127 1389 1498 1447 augmentum,
1539 1388 1603 1433 ut
1639 1382 1883 1433 induatis

213 1496 415 1529 novum
451 1478 740 1541 hominem,
780 1477 873 1541 qui
908 1477 1209 1528 secundum
1244 1477 1422 1535 Deum
1459 1481 1674 1526 creatus
1711 1479 1789 1525 est
1826 1473 1882 1522 in

212 1569 433 1633 justitia
461 1574 513 1621 et
542 1569 849 1620 sanctitate.

283 1694 329 1745 2.
405 1694 657 1757 Accipite
720 1693 1020 1756 Scapulare
1081 1691 1356 1743 Passionis
1415 1690 1637 1741 Domini
1695 1688 1881 1739 Nostri

212 1786 347 1836 <Iesu
395 1784 617 1859 Christi,
666 1789 729 1834 ut
773 1789 1012 1835 veterem
1056 1782 1330 1834 hominem
1375 1782 1526 1833 exuti
1572 1796 1881 1843 novumque

210 1875 409 1939 induti,
439 1875 620 1939 ipsum
648 1875 812 1938 digne
837 1873 1151 1939 perferatis
1178 1879 1231 1926 et
1255 1874 1325 1924 ad
1348 1873 1520 1924 vitain
1544 1871 1881 1937 perveniatis

211 1967 616 2031 sempiternam.

281 2093 326 2142 3.
403 2091 654 2155 Accipite
697 2091 998 2155 Scapulare
1054 2092 1375 2142 devotorum
1430 2090 1634 2140 Beatae
1672 2074 1887 2138 Mariae·

210 2182 460 2245 Virginis
493 2183 608 2233 sine
643 2184 762 2233 labe
799 2188 1105 2247 conceptae,
1141 2187 1206 2232 ut
1239 2181 1359 2244 ejus
1394 2179 1778 2232 intercessione
1814 2179 1880 2229 ab

209 2273 354 2324 omni
409 2273 824 2337 inquinamento
877 2273 1146 2336 inundati,
1201 2273 1271 2324 ad
1321 2271 1494 2323 vitam
1545 2269 1880 2335 perveniatis

209 2370 503 2416 aeternam.

279 2490 324 2539 4.
401 2489 652 2553 Accipite
682 2489 932 2541 habitum
963 2490 1259 2541 Servorum
1287 2489 1489 2540 Beatae
1520 2487 1729 2538 Mariae
1756 2486 1876 2535 Vir-

208 2580 350 2642 ginis
388 2586 594 2644 septem
631 2581 857 2632 Dolores
894 2581 1015 2644 ejus
1053 2581 1243 2631 devote
1280 2578 1651 2640 recolentium,
1690 2583 1752 2628 ut
1791 2578 1876 2627 do-

206 2672 345 2721 lores
398 2671 542 2734 ipsos
593 2671 809 2722 assidue
861 2671 1239 2734 recogitantes
1294 2670 1601 2735 passionem
1652 2668 1872 2719 Domini
