2002 3042
481 188 643 237 MAN
654 187 849 237 UALE
888 188 944 234 λ]
948 187 972 234 l
981 187 1018 237 S
1024 187 1062 236 S
1066 187 1092 234 I
1099 186 1330 236 OXARI
1339 186 1434 235 ΟΕ
1444 185 1547 234 UM
1780 184 1842 233 91

190 379 313 428 Dno
342 384 541 439 nostro,
573 378 788 439 directe,
820 379 905 428 vel
933 395 1030 441 per
1059 377 1280 439 aliquod
1312 377 1364 427 S.
1398 376 1552 427 Sedis
1581 376 1843 436 Officium,

190 462 286 506 aut
321 451 480 505 aliter
516 455 913 518 quomodolibet
950 455 1063 516 jam
1099 470 1416 515 concessam,
1456 453 1607 503 Idem
1644 453 1844 503 SSmus

189 538 422 582 mentem
456 532 623 582 Suam
655 531 888 594 aperuit,
924 538 976 582 et
1007 547 1143 593 quae
1176 536 1483 592 sequuntur
1515 529 1845 579 adamussim

188 610 453 661 servanda
487 608 797 659 mandavit:

259 702 303 750 1.
378 700 719 750 Numismata
766 717 797 750 a
843 700 1163 749 facultatem
1207 698 1534 749 habentibus
1579 698 1683 747 rite
1728 697 1841 759 jam

187 778 484 839 benedicta,
517 777 679 828 etiam
708 777 765 826 in
793 781 1071 841 p‘osterum
1100 776 1470 839 scapularium
1499 778 1611 825 loco
1642 775 1842 838 gestari

185 861 460 918 poterunt,
488 872 546 906 eo
574 856 730 905 modo
757 862 808 905 et
836 856 934 905 sub
960 854 1025 903 iis
1053 854 1469 916 conditionibUS,
1499 854 1695 916 quibus
1723 869 1839 902 con-

184 933 327 983 stitit
359 933 564 983 factam
597 949 705 983 esse
739 937 1091 996 potestatem,

253 1024 299 1073 2.
360 1023 677 1074 Sacerdotes
702 1040 898 1085 omnes,
924 1024 1225 1073 saeculares
1249 1024 1334 1073 vel
1359 1024 1651 1084 regulareS,
1677 1021 1838 1072 etiam

183 1101 474 1164 conspicua
508 1101 782 1163 fulgentes
818 1101 1102 1164 dignitate,
1138 1118 1206 1151 ne
1240 1100 1475 1164 amplius
1510 1099 1838 1150 numismata

182 1179 255 1228 sic
286 1179 639 1230 benedicendi
669 1184 902 1228 utantur
932 1178 1212 1241 facultate,
1246 1177 1617 1241 quinquennio
1648 1179 1714 1228 ab
1745 1177 1838 1227 illa

182 1257 405 1307 obtenta
441 1262 732 1306 transacto,
810 1257 1078 1307 Poterunt
1116 1257 1339 1319 interea,
1381 1255 1592 1307 etiamsi
1629 1255 1838 1318 scapul-

183 1334 299 1384 aria
345 1334 644 1397 respective
687 1334 1041 1384 benedicendi
1101 1350 1212 1384 non
1269 1335 1511 1397 polleant
1555 1333 1837 1395 facultate,

179 1411 510 1461 numismata
538 1411 768 1462 ubilibet
799 1412 1113 1462 benedicere
1131 1433 1141 1473 ;
1173 1428 1234 1462 ea.
1261 1416 1444 1461 tamen
1475 1411 1604 1473 lege,
1635 1416 1697 1460 ut
1728 1409 1837 1460 sive

180 1489 325 1551 quod
365 1489 434 1539 ad
475 1494 710 1539 statutas
750 1506 936 1540 eorum
978 1480 1178 1540 attinet·
1216 1489 1493 1552 imagineS,
1538 1488 1648 1539 sive
1691 1489 1835 1550 quod

178 1572 381 1616 ceteras
407 1566 629 1630 respicit
655 1567 1006 1629 conditioneS,
1033 1566 1560 1630 praescriptionibus
1584 1567 1641 1616 in
1667 1583 1833 1630 supra

178 1645 347 1694 relato
371 1644 600 1694 Decreto
624 1644 892 1695 contentis
915 1644 1132 1694 omnino
1157 1661 1209 1695 se
1233 1644 1604 1706 conforment3

247 1735 293 1785 3.
370 1733 477 1796 Qui
501 1751 665 1799 porro
690 1736 1080 1798 subdelegandi
1104 1735 1343 1799 praediti
1370 1741 1526 1786 erant
1552 1736 1832 1797 facultate,

176 1813 275 1862 hac
312 1811 430 1875 ipsa
466 1812 685 1863 Decreti
722 1818 774 1863 et
810 1802 1257 1864 Declarationum
1291 1813 1746 1877 promulgatione,
1782 1829 1833 1864 se

178 1889 273 1940 illa
302 1889 556 1940 noverint
584 1890 844 1942 excidisse
861 1913 871 1953 3
903 1891 1034 1941 satis
1066 1891 1209 1942 enim
1238 1909 1338 1955 per
1367 1891 1511 1942 idem
1543 1892 1832 1942 Decretum

176 1967 290 2029 jam
318 1967 596 2031 spirituali
626 1968 869 2018 fidelium
900 1970 1258 2019 emolumento
1287 1969 1569 2032 provisum
1599 1975 1692 2019 est.

246 2045 453 2095 Datum
483 2046 697 2108 Romae,
730 2064 793 2097 ex
823 2046 1067 2098 Aedibus
1099 2047 1150 2098 S.
1184 2047 1373 2110 Officii,
1406 2048 1492 2098 die
1522 2048 1585 2097 16
1616 2048 1830 2097 Decem-

176 2122 287 2173 bris
321 2122 521 2174 1910.'’
