2002 3042
488 203 856 252 MANUALE
895 203 1555 252 MISSJONARJORUM
1750 204 1845 250 119

266 395 354 443 Ad
403 394 698 443 tollendam
728 410 957 444 vomnem
1006 393 1417 455 dubitationem,
1470 409 1744 442 monemus
1792 392 1846 440 in

197 471 420 521 solemni
458 470 782 533 receptionis
820 470 933 520 ritu
969 487 1077 519 non
1115 470 1293 519 omnia
1333 487 1441 519 esse
1477 472 1637 532 plane
1676 486 1848 519 neces-

196 547 354 609 saria,
388 547 563 609 immo,
595 548 781 597 stricte
811 548 1094 609 loquendo,
1127 548 1365 597 sufficere
1396 553 1457 596 ut
1488 553 1633 610 certa
1664 548 1849 595 volun-

196 630 279 674 tas
311 630 428 674 tum
462 624 581 686 ejus
612 624 705 686 qui
740 624 1006 686 recipitur
1038 630 1155 673 tum
1189 624 1308 685 ers
1342 625 1433 685 qui
1468 624 1623 674 illum
1656 624 1848 686 recipit

196 702 348 763 signo
390 701 572 763 aliquo
616 708 837 751 externo
880 701 951 750 sit
994 701 1359 750 manifestata.
1440 702 1726 751 Praeterea
1772 701 1849 749 in-

196 778 420 841 scriptio
444 778 678 828 nominis
703 778 828 827 novi
856 778 1068 828 Sodalis
1094 779 1149 826 in
1173 778 1373 827 librum
1402 777 1850 839 Congregationis

195 872 476 917 nunquam
513 855 815 905 omittatur.

266 974 311 1022 4.
390 973 610 1023 Sodales
642 978 701 1022 ut
734 972 1034 1035 plurimum
1068 990 1096 1022 a
1131 972 1385 1021 Praeside
1417 972 1533 1034 ipso
1566 989 1663 1035 per
1697 972 1851 1035 Epis-

197 1067 389 1112 copum
461 1049 756 1099 constituto
828 1050 1181 1111 recipiantur.
1289 1051 1550 1100 Attamen
1623 1050 1851 1099 recentis

197 1127 481 1177 memoriae
510 1128 614 1177 Leo
640 1128 789 1189 Papa
818 1127 982 1188 XIII,
1014 1127 1296 1189 Rescripto
1325 1125 1520 1177 Sacrae
1549 1126 1850 1188 Congrega-

196 1205 361 1254 tionis
398 1204 876 1266 Indulgentiarum
915 1205 1040 1254 dato
1078 1205 1262 1254 (11023
1301 1204 1473 1265 Junii,
1513 1205 1661 1265 1885,
1700 1220 1851 1266 prae-

196 1282 357 1331 missa
392 1281 671 1331 sanatione
709 1281 949 1331 omnium
986 1281 1418 1344 adscriptionum
1455 1298 1576 1330 011111
1614 1281 1851 1343 quolibet

197 1360 416 1409 defectu
448 1365 812 1421 peractarum,
846 1359 1094 1407 omnibus
1126 1360 1320 1407 harum
1356 1358 1851 1419 Congregationum

198 1436 547 1486 Praesidibus
580 1436 808 1497 benigne
841 1435 1087 1498 permisit
1121 1442 1197 1490 111,
1233 1453 1295 1485 ex
1328 1435 1641 1484 rationabili
1675 1452 1850 1489 causa,

197 1514 365 1563 alium
411 1513 511 1562 sibi
558 1513 903 1563 Sacerdotem
975 1513 1109 1574 (qui.
1174 1513 1324 1562 verbi
1387 1513 1579 1575 gratia,
1629 1512 1853 1573 majoris

197 1591 554 1640 solemnitatis
601 1607 759 1640 causa
807 1590 1100 1640 invitetur)
1153 1590 1481 1639 substituere
1529 1590 1736 1652 possint
1784 1591 1851 1638 ad

197 1668 535 1731 recipiendos
576 1668 758 1717 fideles
802 1668 893 1729 qui
936 1667 1171 1716 adscribi
1216 1667 1543 1722 desiderant,
1589 1668 1657 1716 ad
1700 1668 1852 1716 bene—

198 1745 423 1795 dicenda
469 1744 795 1794 numismata
841 1751 890 1794 et
933 1745 1037 1794 alia
1100 1744 1421 1793 Praesidum
1481 1744 1663 1793 munia
1709 1761 1853 1793 exer-

197 1824 380 1873 cenda.

268 1926 569 1988 Quominus
605 1928 850 1976 absentes
886 1927 942 1975 in
983 1926 1339 1976 Sodalitatem
1377 1931 1715 1988 cooptentur.
1752 1926 1852 1975 De-

196 2004 357 2054 cretis
415 2004 610 2054 Sacrae
668 2003 1118 2065 Congregationis
1173 2002 1653 2064 Indulgentiarum
1710 2003 1852 2052 datis

199 2081 389 2132 diebus
426 2083 488 2130 13
527 2081 753 2144 Aprilis,
793 2081 941 2141 1878,
980 2086 1029 2130 et
1069 2081 1132 2128 26
1170 2080 1503 2134 Novembris,
1544 2081 1691 2132 1880.
1732 2096 1853 2142 gen-

197 2159 390 2209 eratim
418 2159 768 2222 prohibetur3
800 2158 1116 2207 conceditur
1143 2164 1324 2207 tamen
1357 2157 1853 2219 Congregationum

198 2236 634 2286 Moderatoribus
658 2252 948 2297 eorumque
975 2235 1234 2296 delegatis
1257 2240 1333 2289 ut,
1359 2235 1415 2283 in
1439 2236 1650 2284 casibus
1674 2234 1853 2295 singu-

198 2314 418 2371 laribus,
451 2314 765 2375 dispensare
793 2313 1002 2376 possint
1031 2330 1058 2362 a
1089 2318 1295 2362 statuta
1326 2312 1499 2361 forma
1530 2312 1674 2361 inter
1702 2329 1853 2375 prae-

197 2397 387 2452 sentes,
433 2408 492 2440 ac
536 2392 782 2440 absentes
824 2390 986 2440 etiam
1030 2407 1128 2452 per
1169 2389 1500 2451 singularem
1543 2405 1635 2438 seu
1679 2395 1852 2437 extra-

196 2467 531 2518 ordinariam
569 2467 937 2530 exceptionem
974 2467 1077 2516 rite
1115 2467 1434 2516 adscribere.

267 2588 290 2605 μ

265 2605 309 2636 2).
386 2586 458 2636 Ut
505 2585 701 2636 erectio
747 2591 800 2635 et
843 2584 1157 2646 aggregatio
1203 2584 1373 2645 gratis
1419 2584 1652 2637 omnino,
1698 2585 1846 2633 nulla

197 2665 439 2714 mercede
501 2669 702 2723 exacta,
764 2667 1133 2725 praestantur,
1198 2661 1272 2710 ita
1336 2677 1436 2722 pro
1497 2661 1854 2711 inscribendis
