2002 3042
217 191 281 238 84
517 191 886 242 JIANUALE
927 194 1587 248 JIJSSJONARIORUJ!

927 387 1090 439 OREM
1102 404 1183 439 us,

290 489 520 540 Domine
543 491 579 540 ,J
585 507 677 540 esu
704 490 935 554 Christe,
961 492 1187 542 humani
1210 494 1422 555 generis
1448 494 1716 559 Salvator,
1742 497 1885 545 1111116

218 580 466 630 habitum
504 598 663 644 quem
699 589 929 646 propter
964 590 1121 633 tuum
1159 590 1393 647 tuaeque
1431 585 1726 636 Genitricis
1763 587 1886 635 Vir-

219 672 362 734 ginis
394 673 601 723 Mariae
636 674 700 723 de
735 675 921 725 Monte
957 674 1205 725 Carmelo
1240 693 1476 726 amorem
1509 677 1650 726 servi
1683 677 1765 727 tui
1800 678 1887 728 de-

218 770 340 813 vote
381 770 508 814 sunt
551 765 806 828 delaturi,
850 766 1074 816 dextera.
1115 772 1210 816 tua
1255 767 1549 830 sanctifica,
1594 774 1655 818 ut
1699 769 1885 819 eadem

219 855 495 905 (}enitrice
521 861 617 905 tua
644 856 1031 919 intercedente,
1059 858 1125 907 ab
1152 858 1302 908 hoste
1328 857 1567 920 maligno
1592 859 1804 909 defensi
1829 860 1886 908 in

214 953 307 996 tua
349 946 526 1008 gratia
570 963 755 1008 usque,
797 948 865 996 ad
908 953 1133 996 mortem
1174 954 1551 1010 perseverent:
1596 949 1689 1011 qui
1728 949 1882 1012 vivis,

214 1045 311 1089 616.

282 1157 494 1208 Deinde
525 1162 781 1221 asperyat
812 1174 955 1220 aqua
987 1158 1267 1208 benedicta
1300 1158 1565 1221 habitum,
1595 1162 1645 1208 et
1674 1158 1884 1229 impon-

216 1236 351 1285 endo
383 1235 558 1286 (licat.-

281 1326 531 1389 Accipite
562 1327 706 1375 hunc
735 1326 984 1376 habitum
1013 1326 1389 1377 benedictum:
1418 1332 1705 1390 precantes
1733 1343 1882 1376 sanc—

207 1416 473 1466 tissimam
517 1417 819 1479 Virginem,
864 1423 923 1467 111
968 1417 1090 1479 ejus
1130 1416 1339 1467 meritis
1382 1417 1537 1467 illum
1582 1417 1880 1480 perferatis

209 1508 324 1559 sine
348 1510 576 1568 macula,
601 1515 652 1559 et
676 1525 769 1559 vos
794 1510 860 1560 ab
883 1509 1030 1559 omni
1053 1508 1386 1560 adversitate
1411 1508 1690 1571 defendat,
1716 1514 1880 1571 atque

209 1601 277 1649 ad
307 1599 477 1650 vitam
506 1600 775 1664 perducat
802 1606 1095 1650 aeternam.
1158 1601 1222 1650 R.
1287 1601 1480 1650 Amen.

826 1705 1039 1756 Deinde
1071 1705 1263 1756 Dicat:

280 1797 412 1861 Ego,
444 1814 508 1846 ex
537 1802 805 1859 potestate
836 1796 970 1845 mihi
1000 1812 1264 1857 concessa,
1295 1795 1499 1859 recipio
1529 1813 1623 1846 vos
1654 1797 1723 1846 ad
1756 1812 1878 1858 par-

206 1887 583 1951 ticipationem
618 1887 861 1937 omnium
896 1888 1161 1937 bonorum
1196 1886 1588 1950 spiritualium,
1625 1903 1762 1949 quae
1798 1903 1878 1936 co-

205 1984 467 2041 operante
517 1977 889 2028 misericordia
940 1978 977 2028 J
982 1995 1074 2028 esu
1126 1977 1348 2038 Christi,
1398 1994 1427 2027 a
1477 1977 1763 2039 Religiosis
1811 1979 1877 2028 de

208 2071 392 2121 Monte
427 2070 676 2121 Carmelo
708 2075 1070 2133 peraguntur.
1141 2069 1207 2118 In
1239 2069 1457 2120 nomine
1490 2068 1673 2119 Patris
1695 2070 1793 2133 >1<,
1826 2074 1876 2119 et

209 2161 354 2224 Filii,
389 2167 441 2212 et
474 2161 718 2224 Spiritus
748 2160 952 2212 Sancti.
1020 2161 1212 2211 Amen.

276 2260 422 2310 Bene
446 2261 508 2323 ⁵}-
533 2259 679 2310 dicat
706 2276 801 2309 vos
831 2258 1098 2309 Conditor
1125 2259 1256 2308 coeli
1285 2263 1336 2309 et
1366 2264 1561 2320 terrae,
1593 2258 1741 2307 Deus
1769 2274 1874 2307 om-

205 2334 474 2416 nipotens,
507 2352 600 2415 qui
628 2368 721 2401 vos
750 2357 1004 2415 cooptare
1032 2350 1294 2413 dignatus
1321 2356 1399 2400 est
1426 2349 1483 2399 in
1513 2348 1873 2399 confraterni-

198 2449 367 2493 tatem
390 2444 579 2494 beatae
603 2442 811 2493 Mariae
834 2441 1084 2504 Virginis
1108 2442 1173 2492 de
1196 2441 1381 2491 Monte
1409 2440 1684 2491 Cal-melo:
1712 2456 1872 2502 quam

204 2551 504 2594 exoramus,
538 2539 598 2584 ut
632 2533 689 2583 in
718 2535 851 2583 hora
885 2532 1065 2582 obitus
1095 2531 1263 2582 vestri
1294 2537 1541 2582 conterat
1571 2536 1736 2594 caput
1768 2546 1869 2580 ser-

204 2626 386 2689 pentis
415 2624 646 2687 antiqui,
680 2630 844 2687 atque
876 2625 1115 2687 palmam
1145 2629 1196 2673 et
1227 2639 1479 2672 coronam
1510 2621 1873 2684 sempiternae

204 2715 559 2766 haereditatis
587 2715 807 2764 tandem
837 2712 1258 2775 consequamini.
1324 2713 1432 2763 Per
1461 2711 1740 2761 Christum
1770 2712 1872 2760 Do-
