<?xml version="1.0" encoding="UTF-8"?>
<!DOCTYPE html PUBLIC "-//W3C//DTD XHTML 1.0 Transitional//EN"
    "http://www.w3.org/TR/xhtml1/DTD/xhtml1-transitional.dtd">
<html xmlns="http://www.w3.org/1999/xhtml" xml:lang="en" lang="en">
 <head>
  <title>
</title>
<meta http-equiv="Content-Type" content="text/html;charset=utf-8" />
  <meta name='ocr-system' content='tesseract 3.04.00' />
  <meta name='ocr-capabilities' content='ocr_page ocr_carea ocr_par ocr_line ocrx_word'/>
</head>
<body>
  <div class='ocr_page' id='page_1' title='image "./manualemissionar00ryan_0021.png"; bbox 0 0 2002 3042; ppageno 0'>
   <div class='ocr_carea' id='block_1_1' title="bbox 372 208 1733 257">
    <p class='ocr_par' dir='ltr' id='par_1_1' title="bbox 372 208 1733 257">
     <span class='ocr_line' id='line_1_1' title="bbox 372 208 1733 257; baseline 0.001 -2"><span class='ocrx_word' id='word_1_1' title='bbox 372 208 477 256; x_wconf 36' lang='lat' dir='ltr'>illi-*l</span> <span class='ocrx_word' id='word_1_2' title='bbox 488 208 739 256; x_wconf 69' lang='lat' dir='ltr'><strong><em>NIJAJAE</em></strong></span> <span class='ocrx_word' id='word_1_3' title='bbox 779 208 1432 257; x_wconf 62' lang='lat' dir='ltr'>MlssloNAlssloRfflsl</span> <span class='ocrx_word' id='word_1_4' title='bbox 1673 209 1733 257; x_wconf 75' lang='lat'>17</span> 
     </span>
    </p>
   </div>
   <div class='ocr_carea' id='block_1_2' title="bbox 218 397 1733 842">
    <p class='ocr_par' dir='ltr' id='par_1_2' title="bbox 221 397 1426 460">
     <span class='ocr_line' id='line_1_2' title="bbox 221 397 1426 460; baseline 0 -14"><span class='ocrx_word' id='word_1_5' title='bbox 221 397 654 458; x_wconf 76' lang='lat' dir='ltr'>Hierosolymam</span> <span class='ocrx_word' id='word_1_6' title='bbox 688 398 758 447; x_wconf 88' lang='lat' dir='ltr'>ad</span> <span class='ocrx_word' id='word_1_7' title='bbox 794 398 1157 460; x_wconf 72' lang='lat' dir='ltr'>Sepulchrum</span> <span class='ocrx_word' id='word_1_8' title='bbox 1191 397 1426 447; x_wconf 83' lang='lat' dir='ltr'>Domini.</span> 
     </span>
    </p>

    <p class='ocr_par' dir='ltr' id='par_1_3' title="bbox 218 480 1733 683">
     <span class='ocr_line' id='line_1_3' title="bbox 292 480 1731 531; baseline 0 -3"><span class='ocrx_word' id='word_1_9' title='bbox 292 481 336 529; x_wconf 81' lang='lat' dir='ltr'>b.</span> <span class='ocrx_word' id='word_1_10' title='bbox 411 481 613 530; x_wconf 84' lang='lat' dir='ltr'>Votum</span> <span class='ocrx_word' id='word_1_11' title='bbox 645 480 912 529; x_wconf 89' lang='lat' dir='ltr'>castitatis</span> <span class='ocrx_word' id='word_1_12' title='bbox 942 480 1194 530; x_wconf 88' lang='lat' dir='ltr'>emissum</span> <span class='ocrx_word' id='word_1_13' title='bbox 1225 497 1254 529; x_wconf 88' lang='lat' dir='ltr'>a</span> <span class='ocrx_word' id='word_1_14' title='bbox 1284 480 1510 531; x_wconf 88' lang='lat' dir='ltr'>muliere</span> <span class='ocrx_word' id='word_1_15' title='bbox 1541 480 1597 529; x_wconf 90' lang='lat' dir='ltr'>in</span> <span class='ocrx_word' id='word_1_16' title='bbox 1628 480 1731 530; x_wconf 84' lang='lat' dir='ltr'>viri</span> 
     </span>
     <span class='ocr_line' id='line_1_4' title="bbox 220 556 1733 620; baseline 0.001 -15"><span class='ocrx_word' id='word_1_17' title='bbox 220 557 478 617; x_wconf 82' lang='lat' dir='ltr'>favorem,</span> <span class='ocrx_word' id='word_1_18' title='bbox 514 563 575 607; x_wconf 91' lang='lat' dir='ltr'>ut</span> <span class='ocrx_word' id='word_1_19' title='bbox 612 557 803 607; x_wconf 81' lang='lat' dir='ltr'>Sacros</span> <span class='ocrx_word' id='word_1_20' title='bbox 839 557 1071 607; x_wconf 82' lang='lat' dir='ltr'>Ordines</span> <span class='ocrx_word' id='word_1_21' title='bbox 1105 556 1344 620; x_wconf 89' lang='lat' dir='ltr'>recipere</span> <span class='ocrx_word' id='word_1_22' title='bbox 1378 558 1562 620; x_wconf 85' lang='lat' dir='ltr'>possit,</span> <span class='ocrx_word' id='word_1_23' title='bbox 1598 574 1733 606; x_wconf 87' lang='lat' dir='ltr'>mor-</span> 
     </span>
     <span class='ocr_line' id='line_1_5' title="bbox 218 632 674 683; baseline 0 -1"><span class='ocrx_word' id='word_1_24' title='bbox 218 639 311 682; x_wconf 86' lang='lat' dir='ltr'>tuo</span> <span class='ocrx_word' id='word_1_25' title='bbox 346 633 508 683; x_wconf 89' lang='lat' dir='ltr'>etiam</span> <span class='ocrx_word' id='word_1_26' title='bbox 542 632 674 682; x_wconf 86' lang='lat' dir='ltr'>virO.</span> 
     </span>
    </p>

    <p class='ocr_par' dir='ltr' id='par_1_4' title="bbox 218 715 1732 842">
     <span class='ocr_line' id='line_1_6' title="bbox 289 715 1732 778; baseline -0.001 -12"><span class='ocrx_word' id='word_1_27' title='bbox 289 736 329 766; x_wconf 77' lang='lat' dir='ltr'>c.</span> <span class='ocrx_word' id='word_1_28' title='bbox 405 716 608 766; x_wconf 85' lang='lat' dir='ltr'>Votum</span> <span class='ocrx_word' id='word_1_29' title='bbox 648 715 897 777; x_wconf 77' lang='lat' dir='ltr'>juratum</span> <span class='ocrx_word' id='word_1_30' title='bbox 938 716 1081 778; x_wconf 86' lang='lat' dir='ltr'>quod</span> <span class='ocrx_word' id='word_1_31' title='bbox 1120 716 1392 766; x_wconf 88' lang='lat' dir='ltr'>emittitur</span> <span class='ocrx_word' id='word_1_32' title='bbox 1430 718 1495 766; x_wconf 87' lang='lat' dir='ltr'>ab</span> <span class='ocrx_word' id='word_1_33' title='bbox 1535 716 1601 766; x_wconf 90' lang='lat' dir='ltr'>iis</span> <span class='ocrx_word' id='word_1_34' title='bbox 1640 717 1732 778; x_wconf 88' lang='lat' dir='ltr'>qui</span> 
     </span>
     <span class='ocr_line' id='line_1_7' title="bbox 218 792 1206 842; baseline -0.001 0"><span class='ocrx_word' id='word_1_35' title='bbox 218 794 287 842; x_wconf 82' lang='lat' dir='ltr'>ad</span> <span class='ocrx_word' id='word_1_36' title='bbox 315 792 539 841; x_wconf 88' lang='lat' dir='ltr'>titulum</span> <span class='ocrx_word' id='word_1_37' title='bbox 569 792 836 841; x_wconf 83' lang='lat' dir='ltr'>missionis</span> <span class='ocrx_word' id='word_1_38' title='bbox 862 792 1206 842; x_wconf 86' lang='lat' dir='ltr'>ordinantur.</span> 
     </span>
    </p>
   </div>
   <div class='ocr_carea' id='block_1_3' title="bbox 77 882 1732 1172">
    <p class='ocr_par' dir='ltr' id='par_1_5' title="bbox 77 882 1732 1172">
     <span class='ocr_line' id='line_1_8' title="bbox 151 882 1732 946; baseline 0.001 -16"><span class='ocrx_word' id='word_1_39' title='bbox 151 884 228 931; x_wconf 87' lang='grc'>11.</span> <span class='ocrx_word' id='word_1_40' title='bbox 304 882 688 944; x_wconf 78' lang='lat' dir='ltr'>Dispensandi,</span> <span class='ocrx_word' id='word_1_41' title='bbox 732 883 910 944; x_wconf 85' lang='lat' dir='ltr'>quoad</span> <span class='ocrx_word' id='word_1_42' title='bbox 955 882 1179 933; x_wconf 78' lang='lat' dir='ltr'>Ordinis</span> <span class='ocrx_word' id='word_1_43' title='bbox 1220 882 1327 932; x_wconf 88' lang='lat' dir='ltr'>iam</span> <span class='ocrx_word' id='word_1_44' title='bbox 1369 883 1605 946; x_wconf 88' lang='lat' dir='ltr'>suscepti</span> <span class='ocrx_word' id='word_1_45' title='bbox 1648 901 1732 934; x_wconf 77' lang='lat' dir='ltr'>ex-</span> 
     </span>
     <span class='ocr_line' id='line_1_9' title="bbox 79 958 1731 1020; baseline 0 -11"><span class='ocrx_word' id='word_1_46' title='bbox 79 958 343 1020; x_wconf 82' lang='lat' dir='ltr'>ercitium,</span> <span class='ocrx_word' id='word_1_47' title='bbox 378 975 410 1007; x_wconf 85' lang='grc'>3</span> <span class='ocrx_word' id='word_1_48' title='bbox 445 958 874 1020; x_wconf 86' lang='lat' dir='ltr'>quibuscumque</span> <span class='ocrx_word' id='word_1_49' title='bbox 908 958 1413 1020; x_wconf 85' lang='lat' dir='ltr'>irregularitatibus</span> <span class='ocrx_word' id='word_1_50' title='bbox 1444 961 1513 1010; x_wconf 91' lang='lat' dir='ltr'>ad</span> <span class='ocrx_word' id='word_1_51' title='bbox 1548 961 1731 1010; x_wconf 75' lang='lat' dir='ltr'>forum</span> 
     </span>
     <span class='ocr_line' id='line_1_10' title="bbox 77 1035 1730 1098; baseline 0 -13"><span class='ocrx_word' id='word_1_52' title='bbox 77 1040 360 1085; x_wconf 84' lang='lat' dir='ltr'>externum</span> <span class='ocrx_word' id='word_1_53' title='bbox 391 1051 498 1083; x_wconf 91' lang='lat' dir='ltr'>non</span> <span class='ocrx_word' id='word_1_54' title='bbox 529 1035 837 1097; x_wconf 89' lang='lat' dir='ltr'>perductis;</span> <span class='ocrx_word' id='word_1_55' title='bbox 869 1035 1106 1098; x_wconf 76' lang='lat' dir='ltr'>exceptis</span> <span class='ocrx_word' id='word_1_56' title='bbox 1136 1036 1638 1098; x_wconf 80' lang='lat' dir='ltr'>irregularitatibus</span> <span class='ocrx_word' id='word_1_57' title='bbox 1668 1055 1730 1087; x_wconf 86' lang='lat' dir='ltr'>ex</span> 
     </span>
     <span class='ocr_line' id='line_1_11' title="bbox 78 1110 1350 1172; baseline 0.002 -13"><span class='ocrx_word' id='word_1_58' title='bbox 78 1110 311 1172; x_wconf 78' lang='lat' dir='ltr'>bigamia</span> <span class='ocrx_word' id='word_1_59' title='bbox 347 1128 473 1160; x_wconf 84' lang='lat' dir='ltr'>vera</span> <span class='ocrx_word' id='word_1_60' title='bbox 513 1116 563 1161; x_wconf 91' lang='lat' dir='ltr'>et</span> <span class='ocrx_word' id='word_1_61' title='bbox 601 1129 664 1161; x_wconf 81' lang='lat' dir='ltr'>ex</span> <span class='ocrx_word' id='word_1_62' title='bbox 699 1111 988 1161; x_wconf 91' lang='lat' dir='ltr'>homicidio</span> <span class='ocrx_word' id='word_1_63' title='bbox 1026 1113 1350 1163; x_wconf 83' lang='lat' dir='ltr'>voluntario.</span> 
     </span>
    </p>
   </div>
   <div class='ocr_carea' id='block_1_4' title="bbox 77 1200 1730 1326">
    <p class='ocr_par' dir='ltr' id='par_1_6' title="bbox 77 1200 1730 1326">
     <span class='ocr_line' id='line_1_12' title="bbox 148 1200 1730 1265; baseline 0.003 -17"><span class='ocrx_word' id='word_1_64' title='bbox 148 1200 225 1250; x_wconf 81' lang='lat'>12.</span> <span class='ocrx_word' id='word_1_65' title='bbox 301 1201 633 1249; x_wconf 83' lang='lat' dir='ltr'>Absolvendi</span> <span class='ocrx_word' id='word_1_66' title='bbox 680 1207 729 1250; x_wconf 88' lang='lat' dir='ltr'>et</span> <span class='ocrx_word' id='word_1_67' title='bbox 777 1201 1130 1263; x_wconf 85' lang='lat' dir='ltr'>dispensandi</span> <span class='ocrx_word' id='word_1_68' title='bbox 1177 1202 1234 1250; x_wconf 93' lang='lat' dir='ltr'>in</span> <span class='ocrx_word' id='word_1_69' title='bbox 1280 1219 1618 1265; x_wconf 82' lang='lat' dir='ltr'>quacumque</span> <span class='ocrx_word' id='word_1_70' title='bbox 1666 1204 1730 1253; x_wconf 89' lang='lat' dir='ltr'>si-</span> 
     </span>
     <span class='ocr_line' id='line_1_13' title="bbox 77 1293 268 1326; baseline 0.01 -2"><span class='ocrx_word' id='word_1_71' title='bbox 77 1293 268 1326; x_wconf 83' lang='lat' dir='ltr'>monia.</span> 
     </span>
    </p>
   </div>
   <div class='ocr_carea' id='block_1_5' title="bbox 73 1365 1730 1582">
    <p class='ocr_par' dir='ltr' id='par_1_7' title="bbox 73 1365 1730 1582">
     <span class='ocr_line' id='line_1_14' title="bbox 146 1365 1730 1433; baseline 0.004 -20"><span class='ocrx_word' id='word_1_72' title='bbox 146 1367 223 1415; x_wconf 72' lang='lat'>13.</span> <span class='ocrx_word' id='word_1_73' title='bbox 300 1365 669 1428; x_wconf 86' lang='lat' dir='ltr'>Dispensandi</span> <span class='ocrx_word' id='word_1_74' title='bbox 703 1368 759 1416; x_wconf 91' lang='lat' dir='ltr'>in</span> <span class='ocrx_word' id='word_1_75' title='bbox 792 1367 1003 1418; x_wconf 88' lang='lat' dir='ltr'>casibus</span> <span class='ocrx_word' id='word_1_76' title='bbox 1034 1369 1478 1433; x_wconf 72' lang='lat' dir='ltr'>particularibus,</span> <span class='ocrx_word' id='word_1_77' title='bbox 1513 1371 1730 1432; x_wconf 88' lang='lat' dir='ltr'>quando</span> 
     </span>
     <span class='ocr_line' id='line_1_15' title="bbox 76 1442 1728 1510; baseline 0.002 -18"><span class='ocrx_word' id='word_1_78' title='bbox 76 1442 328 1505; x_wconf 79' lang='lat' dir='ltr'>expedire</span> <span class='ocrx_word' id='word_1_79' title='bbox 364 1442 655 1506; x_wconf 74' lang='lat' dir='ltr'>videbitur,</span> <span class='ocrx_word' id='word_1_80' title='bbox 694 1461 858 1506; x_wconf 89' lang='lat' dir='ltr'>super</span> <span class='ocrx_word' id='word_1_81' title='bbox 896 1462 987 1494; x_wconf 91' lang='lat' dir='ltr'>esu</span> <span class='ocrx_word' id='word_1_82' title='bbox 1024 1445 1271 1495; x_wconf 87' lang='lat' dir='ltr'>carnium</span> <span class='ocrx_word' id='word_1_83' title='bbox 1308 1452 1550 1510; x_wconf 88' lang='lat' dir='ltr'>tempore</span> <span class='ocrx_word' id='word_1_84' title='bbox 1587 1447 1728 1509; x_wconf 79' lang='lat' dir='ltr'>jeju-</span> 
     </span>
     <span class='ocr_line' id='line_1_16' title="bbox 73 1519 856 1582; baseline 0.004 -15"><span class='ocrx_word' id='word_1_85' title='bbox 73 1519 287 1568; x_wconf 85' lang='lat' dir='ltr'>niorum</span> <span class='ocrx_word' id='word_1_86' title='bbox 319 1525 369 1569; x_wconf 89' lang='lat' dir='ltr'>et</span> <span class='ocrx_word' id='word_1_87' title='bbox 404 1519 856 1582; x_wconf 80' lang='lat' dir='ltr'>Quadragesimae.</span> 
     </span>
    </p>
   </div>
   <div class='ocr_carea' id='block_1_6' title="bbox 66 1609 1728 2273">
    <p class='ocr_par' dir='ltr' id='par_1_8' title="bbox 66 1609 1728 2273">
     <span class='ocr_line' id='line_1_17' title="bbox 143 1609 1728 1675; baseline 0.004 -18"><span class='ocrx_word' id='word_1_88' title='bbox 143 1610 221 1659; x_wconf 78' lang='lat'>14.</span> <span class='ocrx_word' id='word_1_89' title='bbox 298 1609 666 1672; x_wconf 86' lang='lat' dir='ltr'>Dispensandi</span> <span class='ocrx_word' id='word_1_90' title='bbox 701 1611 1112 1662; x_wconf 73' lang='lat' dir='ltr'>concubinarios</span> <span class='ocrx_word' id='word_1_91' title='bbox 1146 1612 1203 1661; x_wconf 91' lang='lat' dir='ltr'>in</span> <span class='ocrx_word' id='word_1_92' title='bbox 1238 1613 1556 1675; x_wconf 84' lang='lat' dir='ltr'>gravissimo</span> <span class='ocrx_word' id='word_1_93' title='bbox 1592 1631 1728 1664; x_wconf 90' lang='lat' dir='ltr'>mor-</span> 
     </span>
     <span class='ocr_line' id='line_1_18' title="bbox 71 1685 1727 1755; baseline 0.004 -20"><span class='ocrx_word' id='word_1_94' title='bbox 71 1685 140 1735; x_wconf 85' lang='lat' dir='ltr'>tis</span> <span class='ocrx_word' id='word_1_95' title='bbox 176 1685 417 1748; x_wconf 87' lang='lat' dir='ltr'>periculo</span> <span class='ocrx_word' id='word_1_96' title='bbox 452 1687 788 1749; x_wconf 79' lang='lat' dir='ltr'>constitutos,</span> <span class='ocrx_word' id='word_1_97' title='bbox 825 1689 1042 1749; x_wconf 88' lang='lat' dir='ltr'>quando</span> <span class='ocrx_word' id='word_1_98' title='bbox 1076 1705 1185 1738; x_wconf 92' lang='lat' dir='ltr'>non</span> <span class='ocrx_word' id='word_1_99' title='bbox 1220 1696 1477 1753; x_wconf 76' lang='lat' dir='ltr'>suppetat</span> <span class='ocrx_word' id='word_1_100' title='bbox 1512 1697 1727 1755; x_wconf 87' lang='lat' dir='ltr'>tempus</span> 
     </span>
     <span class='ocr_line' id='line_1_19' title="bbox 72 1763 1726 1830; baseline 0.005 -20"><span class='ocrx_word' id='word_1_101' title='bbox 72 1763 387 1812; x_wconf 88' lang='lat' dir='ltr'>recurrendi</span> <span class='ocrx_word' id='word_1_102' title='bbox 435 1764 504 1813; x_wconf 87' lang='lat' dir='ltr'>ad</span> <span class='ocrx_word' id='word_1_103' title='bbox 551 1780 662 1824; x_wconf 72' lang='lat' dir='ltr'>nos7</span> <span class='ocrx_word' id='word_1_104' title='bbox 712 1781 875 1826; x_wconf 93' lang='lat' dir='ltr'>super</span> <span class='ocrx_word' id='word_1_105' title='bbox 924 1764 1327 1828; x_wconf 77' lang='lat' dir='ltr'>impedimentis</span> <span class='ocrx_word' id='word_1_106' title='bbox 1375 1768 1726 1830; x_wconf 82' lang='lat' dir='ltr'>quantumvis</span> 
     </span>
     <span class='ocr_line' id='line_1_20' title="bbox 70 1839 1722 1903; baseline 0.005 -16"><span class='ocrx_word' id='word_1_107' title='bbox 70 1839 302 1901; x_wconf 82' lang='lat' dir='ltr'>publicis</span> <span class='ocrx_word' id='word_1_108' title='bbox 335 1839 742 1889; x_wconf 86' lang='lat' dir='ltr'>matrimonium</span> <span class='ocrx_word' id='word_1_109' title='bbox 775 1841 899 1903; x_wconf 78' lang='lat' dir='ltr'>jure</span> <span class='ocrx_word' id='word_1_110' title='bbox 934 1843 1290 1893; x_wconf 89' lang='lat' dir='ltr'>ecclesiastico</span> <span class='ocrx_word' id='word_1_111' title='bbox 1324 1844 1722 1896; x_wconf 81' lang='lat' dir='ltr'>dirimentibus,</span> 
     </span>
     <span class='ocr_line' id='line_1_21' title="bbox 69 1918 1725 1978; baseline 0.004 -13"><span class='ocrx_word' id='word_1_112' title='bbox 69 1921 290 1977; x_wconf 79' lang='lat' dir='ltr'>excepto</span> <span class='ocrx_word' id='word_1_113' title='bbox 322 1932 471 1966; x_wconf 89' lang='lat' dir='ltr'>sacro</span> <span class='ocrx_word' id='word_1_114' title='bbox 505 1918 923 1978; x_wconf 74' lang='lat' dir='ltr'>Presbyteratus</span> <span class='ocrx_word' id='word_1_115' title='bbox 957 1919 1162 1969; x_wconf 88' lang='lat' dir='ltr'>Ordine</span> <span class='ocrx_word' id='word_1_116' title='bbox 1195 1926 1245 1970; x_wconf 84' lang='lat' dir='ltr'>et</span> <span class='ocrx_word' id='word_1_117' title='bbox 1279 1921 1541 1972; x_wconf 87' lang='lat' dir='ltr'>affinitate</span> <span class='ocrx_word' id='word_1_118' title='bbox 1572 1922 1725 1973; x_wconf 76' lang='lat' dir='ltr'>lineae</span> 
     </span>
     <span class='ocr_line' id='line_1_22' title="bbox 70 1993 1722 2057; baseline 0.005 -17"><span class='ocrx_word' id='word_1_119' title='bbox 70 1998 224 2041; x_wconf 69' lang='lat' dir='ltr'>rectae</span> <span class='ocrx_word' id='word_1_120' title='bbox 253 2009 315 2041; x_wconf 79' lang='lat' dir='ltr'>ex</span> <span class='ocrx_word' id='word_1_121' title='bbox 344 1994 537 2055; x_wconf 86' lang='lat' dir='ltr'>copula</span> <span class='ocrx_word' id='word_1_122' title='bbox 568 1993 717 2044; x_wconf 91' lang='lat' dir='ltr'>licita</span> <span class='ocrx_word' id='word_1_123' title='bbox 745 1995 1113 2057; x_wconf 86' lang='lat' dir='ltr'>proveniente.</span> <span class='ocrx_word' id='word_1_124' title='bbox 1180 1998 1299 2047; x_wconf 91' lang='lat' dir='ltr'>Hac</span> <span class='ocrx_word' id='word_1_125' title='bbox 1329 1998 1595 2049; x_wconf 73' lang='lat' dir='ltr'>facultate</span> <span class='ocrx_word' id='word_1_126' title='bbox 1626 2000 1722 2049; x_wconf 88' lang='lat' dir='ltr'>Ec-</span> 
     </span>
     <span class='ocr_line' id='line_1_23' title="bbox 68 2068 1721 2137; baseline 0.005 -20"><span class='ocrx_word' id='word_1_127' title='bbox 68 2068 352 2118; x_wconf 86' lang='lat' dir='ltr'>clesiarum</span> <span class='ocrx_word' id='word_1_128' title='bbox 389 2069 643 2119; x_wconf 84' lang='lat' dir='ltr'>Rectores</span> <span class='ocrx_word' id='word_1_129' title='bbox 676 2072 1054 2122; x_wconf 90' lang='lat' dir='ltr'>tantummodo</span> <span class='ocrx_word' id='word_1_130' title='bbox 1088 2073 1171 2122; x_wconf 90' lang='lat' dir='ltr'>uti</span> <span class='ocrx_word' id='word_1_131' title='bbox 1205 2080 1461 2137; x_wconf 80' lang='lat' dir='ltr'>possunt3</span> <span class='ocrx_word' id='word_1_132' title='bbox 1501 2077 1644 2137; x_wconf 91' lang='lat' dir='ltr'>quod</span> <span class='ocrx_word' id='word_1_133' title='bbox 1679 2076 1721 2125; x_wconf 89' lang='lat' dir='ltr'>si</span> 
     </span>
     <span class='ocr_line' id='line_1_24' title="bbox 69 2145 1722 2215; baseline 0.005 -22"><span class='ocrx_word' id='word_1_134' title='bbox 69 2145 301 2195; x_wconf 76' lang='lat' dir='ltr'>fecerint</span> <span class='ocrx_word' id='word_1_135' title='bbox 356 2161 797 2209; x_wconf 87' lang='lat' dir='ltr'>unumquemque</span> <span class='ocrx_word' id='word_1_136' title='bbox 854 2164 1037 2197; x_wconf 90' lang='lat' dir='ltr'>casum</span> <span class='ocrx_word' id='word_1_137' title='bbox 1094 2149 1260 2200; x_wconf 88' lang='lat' dir='ltr'>Nobis</span> <span class='ocrx_word' id='word_1_138' title='bbox 1316 2152 1722 2215; x_wconf 86' lang='lat' dir='ltr'>quamprimum</span> 
     </span>
     <span class='ocr_line' id='line_1_25' title="bbox 66 2222 520 2273; baseline 0.009 -4"><span class='ocrx_word' id='word_1_139' title='bbox 66 2222 273 2272; x_wconf 75' lang='lat' dir='ltr'>referre</span> <span class='ocrx_word' id='word_1_140' title='bbox 310 2223 520 2273; x_wconf 86' lang='lat' dir='ltr'>debent.</span> 
     </span>
    </p>
   </div>
   <div class='ocr_carea' id='block_1_7' title="bbox 64 2311 1720 2602">
    <p class='ocr_par' dir='ltr' id='par_1_9' title="bbox 64 2311 1720 2602">
     <span class='ocr_line' id='line_1_26' title="bbox 139 2311 1720 2382; baseline 0.007 -24"><span class='ocrx_word' id='word_1_141' title='bbox 139 2312 215 2360; x_wconf 79' lang='lat'>15.</span> <span class='ocrx_word' id='word_1_142' title='bbox 295 2311 636 2362; x_wconf 87' lang='lat' dir='ltr'>Concedendi</span> <span class='ocrx_word' id='word_1_143' title='bbox 704 2313 1104 2376; x_wconf 84' lang='lat' dir='ltr'>indulgentiam</span> <span class='ocrx_word' id='word_1_144' title='bbox 1170 2317 1475 2380; x_wconf 86' lang='lat' dir='ltr'>plenariam</span> <span class='ocrx_word' id='word_1_145' title='bbox 1543 2320 1720 2382; x_wconf 87' lang='lat' dir='ltr'>primo</span> 
     </span>
     <span class='ocr_line' id='line_1_27' title="bbox 66 2388 1718 2458; baseline 0.007 -23"><span class='ocrx_word' id='word_1_146' title='bbox 66 2388 334 2437; x_wconf 88' lang='lat' dir='ltr'>conversis</span> <span class='ocrx_word' id='word_1_147' title='bbox 388 2389 453 2438; x_wconf 88' lang='lat' dir='ltr'>ab</span> <span class='ocrx_word' id='word_1_148' title='bbox 507 2389 708 2452; x_wconf 78' lang='lat' dir='ltr'>haeresi,</span> <span class='ocrx_word' id='word_1_149' title='bbox 765 2397 927 2453; x_wconf 89' lang='lat' dir='ltr'>atque</span> <span class='ocrx_word' id='word_1_150' title='bbox 982 2392 1145 2443; x_wconf 87' lang='lat' dir='ltr'>etiam</span> <span class='ocrx_word' id='word_1_151' title='bbox 1198 2394 1452 2445; x_wconf 90' lang='lat' dir='ltr'>fidelibus</span> <span class='ocrx_word' id='word_1_152' title='bbox 1503 2396 1718 2458; x_wconf 89' lang='lat' dir='ltr'>quibus-</span> 
     </span>
     <span class='ocr_line' id='line_1_28' title="bbox 65 2464 1716 2533; baseline 0.007 -21"><span class='ocrx_word' id='word_1_153' title='bbox 65 2480 292 2526; x_wconf 89' lang='lat' dir='ltr'>cumque</span> <span class='ocrx_word' id='word_1_154' title='bbox 319 2464 375 2514; x_wconf 92' lang='lat' dir='ltr'>in</span> <span class='ocrx_word' id='word_1_155' title='bbox 403 2464 633 2516; x_wconf 89' lang='lat' dir='ltr'>articulo</span> <span class='ocrx_word' id='word_1_156' title='bbox 660 2467 863 2529; x_wconf 78' lang='lat' dir='ltr'>mortis,</span> <span class='ocrx_word' id='word_1_157' title='bbox 893 2470 1083 2519; x_wconf 85' lang='lat' dir='ltr'>saltem</span> <span class='ocrx_word' id='word_1_158' title='bbox 1109 2471 1373 2533; x_wconf 86' lang='lat' dir='ltr'>contritis,</span> <span class='ocrx_word' id='word_1_159' title='bbox 1403 2473 1446 2522; x_wconf 92' lang='lat' dir='ltr'>si</span> <span class='ocrx_word' id='word_1_160' title='bbox 1474 2473 1716 2524; x_wconf 89' lang='lat' dir='ltr'>confiteri</span> 
     </span>
     <span class='ocr_line' id='line_1_29' title="bbox 64 2546 472 2602; baseline 0.007 -14"><span class='ocrx_word' id='word_1_161' title='bbox 64 2557 170 2589; x_wconf 89' lang='lat' dir='ltr'>non</span> <span class='ocrx_word' id='word_1_162' title='bbox 197 2546 472 2602; x_wconf 82' lang='lat' dir='ltr'>poterunt.</span> 
     </span>
    </p>
   </div>
   <div class='ocr_carea' id='block_1_8' title="bbox 201 2645 1715 2793">
    <p class='ocr_par' dir='ltr' id='par_1_10' title="bbox 201 2645 1715 2793">
     <span class='ocr_line' id='line_1_30' title="bbox 271 2645 1715 2715; baseline 0.008 -21"><span class='ocrx_word' id='word_1_163' title='bbox 271 2645 528 2697; x_wconf 88' lang='lat' dir='ltr'>Adverte.</span> <span class='ocrx_word' id='word_1_164' title='bbox 604 2647 671 2696; x_wconf 91' lang='lat' dir='ltr'>In</span> <span class='ocrx_word' id='word_1_165' title='bbox 706 2648 834 2698; x_wconf 92' lang='lat' dir='ltr'>locis</span> <span class='ocrx_word' id='word_1_166' title='bbox 873 2649 1187 2702; x_wconf 88' lang='lat' dir='ltr'>missionum</span> <span class='ocrx_word' id='word_1_167' title='bbox 1227 2653 1481 2715; x_wconf 83' lang='lat' dir='ltr'>degentes</span> <span class='ocrx_word' id='word_1_168' title='bbox 1518 2655 1715 2712; x_wconf 75' lang='lat' dir='ltr'>fideles,</span> 
     </span>
     <span class='ocr_line' id='line_1_31' title="bbox 201 2719 1712 2793; baseline 0.009 -25"><span class='ocrx_word' id='word_1_169' title='bbox 201 2719 243 2769; x_wconf 87' lang='lat' dir='ltr'>si</span> <span class='ocrx_word' id='word_1_170' title='bbox 286 2723 437 2782; x_wconf 84' lang='lat' dir='ltr'>gravi</span> <span class='ocrx_word' id='word_1_171' title='bbox 479 2723 727 2773; x_wconf 74' lang='lat' dir='ltr'>laborart</span> <span class='ocrx_word' id='word_1_172' title='bbox 768 2726 951 2773; x_wconf 81' lang='lat' dir='ltr'>morbo</span> <span class='ocrx_word' id='word_1_173' title='bbox 994 2733 1044 2775; x_wconf 80' lang='lat' dir='ltr'>et</span> <span class='ocrx_word' id='word_1_174' title='bbox 1083 2729 1379 2779; x_wconf 81' lang='lat' dir='ltr'>sacerdotis</span> <span class='ocrx_word' id='word_1_175' title='bbox 1416 2732 1564 2793; x_wconf 78' lang='lat' dir='ltr'>copia</span> <span class='ocrx_word' id='word_1_176' title='bbox 1607 2749 1712 2781; x_wconf 83' lang='lat' dir='ltr'>non</span> 
     </span>
    </p>
   </div>
  </div>
 </body>
</html>
