2002 3042
894 229 1033 294 IX.

395 398 488 441 DE
529 395 1129 441 CONFESSIONIBUS
1168 392 1559 437 AUDIENDIS

219 498 264 548 1.
342 496 676 548 Confessarii
708 495 854 544 inter
884 494 1085 557 seipsos
1116 498 1168 544 et
1199 492 1256 541 in
1290 492 1445 541 modo
1477 489 1806 554 procedendi

149 590 270 623 cum
303 573 694 637 poenitentibus
723 573 1025 621 conformes
1059 587 1169 620 esse
1202 573 1421 629 curent;
1456 573 1509 617 et
1541 574 1808 629 quantum

145 668 230 702 res
271 651 478 711 tulerit,
521 651 599 700 ita
641 650 872 700 aliorum
915 647 1370 697 confessariorum
1416 645 1803 695 existimationi

146 728 519 790 unusquisque
571 727 831 788 consulat,
886 731 947 775 ut
1000 741 1183 774 omnes
1232 723 1560 785 intelligant,
1615 727 1803 771 mutuo

145 804 392 855 caritatis
419 810 470 854 et
501 803 795 854 uniformis
823 801 1081 853 doctrinae
1109 801 1342 862 vinculo,
1372 799 1658 850 Societatis
1685 815 1803 848 con-

147 882 402 932 fessarios
429 881 486 930 in
518 880 734 931 Christo
765 896 873 930 esse
903 878 1197 940 colligatos

219 971 263 1020 2.
341 971 408 1019 In
437 970 638 1033 templo
669 968 1045 1030 confessioneS,
1077 968 1207 1017 dum
1238 964 1419 1016 concio
1450 965 1511 1016 fit
1540 966 1625 1015 vel
1656 981 1807 1014 sacra

146 1047 319 1105 lectio,
347 1064 501 1097 nemo
530 1046 735 1096 audiat.

219 1139 263 1186 3.
342 1136 675 1186 Confessarii
712 1135 787 1185 ita
828 1134 1057 1185 audiant
1094 1133 1417 1196 poenitentes
1455 1138 1513 1182 ut
1556 1139 1806 1182 mutuum

148 1221 428 1277 aspectum
462 1214 710 1275 fugiant:
745 1213 819 1263 sic
852 1212 993 1263 enim
1026 1212 1291 1261 attentius
1320 1217 1371 1262 et
1402 1210 1626 1261 liberius
1659 1211 1809 1260 audi-

149 1298 255 1342 ent.
329 1292 623 1340 Mulierum
660 1307 786 1339 vero
824 1288 1186 1339 confessiones
1220 1305 1329 1337 non
1366 1288 1669 1338 audiantur
1704 1288 1808 1336 nisi

148 1370 217 1418 ad
246 1374 419 1418 crates
448 1367 658 1418 etiamsi
687 1367 797 1417 sint
824 1367 1115 1429 puellulae.

218 1459 265 1507 4.
343 1458 406 1505 In
438 1456 725 1507 audiendis
754 1455 1197 1517 confessionibus,
1232 1454 1562 1504 feminarum
1591 1471 1811 1519 praeser—

149 1534 262 1595 tim,
302 1550 511 1584 severos
547 1533 729 1596 potius
765 1550 819 1583 se
857 1549 1018 1594 quam
1058 1531 1357 1581 familiares
1394 1532 1710 1582 exhibeant:
1752 1532 1807 1580 in

153 1612 466 1661 universum
528 1618 710 1661 tamen
771 1616 999 1673 paterna
1065 1610 1331 1671 quaedam
1393 1615 1442 1658 et
1506 1609 1811 1672 spiritualis

151 1690 393 1751 gravitas
419 1688 475 1738 in
501 1688 567 1738 iis
592 1689 814 1739 eluceat.

221 1781 271 1829 5.·
345 1780 450 1829 Eos
490 1779 582 1841 qui
623 1778 866 1828 crebrius
903 1777 1246 1839 confitentur,
1290 1777 1519 1827 maxime
1562 1777 1808 1839 feminas,

149 1856 388 1906 breviter
419 1855 726 1919 expediant,
760 1872 856 1904 nec
889 1856 953 1905 de
987 1855 1146 1904 rebus
1178 1855 1246 1904 ad
1279 1854 1670 1904 confessionem
1701 1871 1809 1903 non

152 1933 554 1996 pertinentibus
592 1932 648 1982 in
685 1932 1020 1982 confessione
1056 1933 1380 1994 loquantur:
1418 1937 1571 1981 extra
1607 1931 1812 1982 confes-

152 2010 355 2060 sionem
398 2027 523 2059 vero
566 2009 610 2060 si
655 2008 927 2072 oportebit
969 2025 1058 2059 eas
1100 2007 1318 2071 alloqui,
1362 2008 1418 2058 id
1460 2008 1556 2059 fiat
1597 2008 1654 2058 in
1698 2010 1812 2059 loco

154 2086 380 2149 patenti,
416 2103 510 2136 nec
542 2087 763 2147 longum
795 2101 1091 2135 sermonem
1124 2086 1381 2149 misceant
1416 2091 1465 2135 et
1498 2087 1677 2134 oculos
1708 2088 1812 2133 mo-

153 2166 300 2214 deste
333 2164 587 2214 demissos
618 2164 867 2214 habeant.

223 2255 267 2304 6.
344 2253 559 2304 Nemini
590 2259 687 2304 aut
714 2259 898 2316 petere
927 2258 1021 2302 aut
1050 2252 1293 2315 accipere
1324 2252 1624 2314 quidquam
1653 2253 1812 2303 liceat

152 2331 264 2381 sive
297 2332 362 2381 ab
394 2330 461 2381 iis
491 2347 721 2393 quorum
752 2330 1114 2379 confessiones
1144 2328 1397 2390 audierit,
1430 2329 1541 2380 sive
1574 2330 1640 2380 ab
1674 2330 1810 2391 aliis,

154 2409 298 2470 quod
340 2409 425 2458 vel
467 2408 524 2456 in
566 2424 835 2470 pauperes
879 2406 1191 2463 distribuat,
1235 2407 1320 2456 vel
1364 2406 1523 2456 alteri
1567 2406 1812 2456 satisfac-

154 2485 317 2535 tionis
351 2484 566 2535 nomine
602 2483 874 2544 restituat,
910 2483 1014 2532 nisi
1051 2482 1299 2545 superior
1333 2499 1455 2532 cum
1489 2500 1625 2546 opus
1660 2490 1810 2546 esset,

152 2579 303 2612 secus
341 2562 653 2611 faciendum
690 2561 979 2620 judicaret.
