<?xml version="1.0" encoding="UTF-8"?>
<!DOCTYPE html PUBLIC "-//W3C//DTD XHTML 1.0 Transitional//EN"
    "http://www.w3.org/TR/xhtml1/DTD/xhtml1-transitional.dtd">
<html xmlns="http://www.w3.org/1999/xhtml" xml:lang="en" lang="en">
 <head>
  <title>
</title>
<meta http-equiv="Content-Type" content="text/html;charset=utf-8" />
  <meta name='ocr-system' content='tesseract 3.04.00' />
  <meta name='ocr-capabilities' content='ocr_page ocr_carea ocr_par ocr_line ocrx_word'/>
</head>
<body>
  <div class='ocr_page' id='page_1' title='image "./manualemissionar00ryan_0121.png"; bbox 0 0 2002 3042; ppageno 0'>
   <div class='ocr_carea' id='block_1_1' title="bbox 468 194 1824 245">
    <p class='ocr_par' dir='ltr' id='par_1_1' title="bbox 468 194 1824 245">
     <span class='ocr_line' id='line_1_1' title="bbox 468 194 1824 245; baseline -0.002 0"><span class='ocrx_word' id='word_1_1' title='bbox 468 196 834 245; x_wconf 65' lang='lat' dir='ltr'><em>MANUALE</em></span> <span class='ocrx_word' id='word_1_2' title='bbox 875 194 1420 244; x_wconf 40' lang='grc' dir='ltr'>4’111881ολ’11ΗΙΟΙί</span> <span class='ocrx_word' id='word_1_3' title='bbox 1430 194 1529 242; x_wconf 69' lang='lat' dir='ltr'>HJ!</span> <span class='ocrx_word' id='word_1_4' title='bbox 1729 195 1824 242; x_wconf 84' lang='grc'>117</span> 
     </span>
    </p>
   </div>
   <div class='ocr_carea' id='block_1_2' title="bbox 175 384 1825 679">
    <p class='ocr_par' dir='ltr' id='par_1_2' title="bbox 175 384 1825 679">
     <span class='ocr_line' id='line_1_2' title="bbox 175 384 1825 451; baseline -0.004 -12"><span class='ocrx_word' id='word_1_5' title='bbox 175 390 258 451; x_wconf 86' lang='lat' dir='ltr'>tis,</span> <span class='ocrx_word' id='word_1_6' title='bbox 297 389 460 450; x_wconf 86' lang='lat' dir='ltr'>idque</span> <span class='ocrx_word' id='word_1_7' title='bbox 496 387 574 436; x_wconf 86' lang='lat' dir='ltr'>ita</span> <span class='ocrx_word' id='word_1_8' title='bbox 608 394 667 436; x_wconf 86' lang='lat' dir='ltr'>ut</span> <span class='ocrx_word' id='word_1_9' title='bbox 706 387 761 435; x_wconf 93' lang='lat' dir='ltr'>in</span> <span class='ocrx_word' id='word_1_10' title='bbox 798 403 855 436; x_wconf 88' lang='lat' dir='ltr'>ea</span> <span class='ocrx_word' id='word_1_11' title='bbox 894 403 949 435; x_wconf 90' lang='lat' dir='ltr'>re</span> <span class='ocrx_word' id='word_1_12' title='bbox 985 385 1207 435; x_wconf 87' lang='lat' dir='ltr'>statutis</span> <span class='ocrx_word' id='word_1_13' title='bbox 1242 386 1298 433; x_wconf 91' lang='lat' dir='ltr'>in</span> <span class='ocrx_word' id='word_1_14' title='bbox 1337 385 1497 433; x_wconf 84' lang='lat' dir='ltr'>Bulla</span> <span class='ocrx_word' id='word_1_15' title='bbox 1535 384 1825 434; x_wconf 85' lang='lat' dir='ltr'>Clementis</span> 
     </span>
     <span class='ocr_line' id='line_1_3' title="bbox 176 461 1824 528; baseline -0.002 -14"><span class='ocrx_word' id='word_1_16' title='bbox 176 468 357 528; x_wconf 89' lang='lat' dir='ltr'>Papae</span> <span class='ocrx_word' id='word_1_17' title='bbox 397 465 538 513; x_wconf 84' lang='lat' dir='ltr'>VIII</span> <span class='ocrx_word' id='word_1_18' title='bbox 581 465 961 525; x_wconf 73' lang='lat' dir='ltr'>Quaecumque</span> <span class='ocrx_word' id='word_1_19' title='bbox 1002 468 1051 512; x_wconf 88' lang='lat' dir='ltr'>et</span> <span class='ocrx_word' id='word_1_20' title='bbox 1094 463 1149 510; x_wconf 89' lang='lat' dir='ltr'>in</span> <span class='ocrx_word' id='word_1_21' title='bbox 1188 463 1417 512; x_wconf 87' lang='lat' dir='ltr'>Decreto</span> <span class='ocrx_word' id='word_1_22' title='bbox 1457 461 1653 511; x_wconf 90' lang='lat' dir='ltr'>Sacrae</span> <span class='ocrx_word' id='word_1_23' title='bbox 1694 462 1824 511; x_wconf 84' lang='lat' dir='ltr'>Con-</span> 
     </span>
     <span class='ocr_line' id='line_1_4' title="bbox 176 539 1825 604; baseline -0.004 -12"><span class='ocrx_word' id='word_1_24' title='bbox 176 542 507 604; x_wconf 86' lang='lat' dir='ltr'>gregationis</span> <span class='ocrx_word' id='word_1_25' title='bbox 551 540 1030 602; x_wconf 89' lang='lat' dir='ltr'>Indulgentiarum</span> <span class='ocrx_word' id='word_1_26' title='bbox 1076 541 1202 589; x_wconf 89' lang='lat' dir='ltr'>dato</span> <span class='ocrx_word' id='word_1_27' title='bbox 1265 541 1294 588; x_wconf 81' lang='lat'>8</span> <span class='ocrx_word' id='word_1_28' title='bbox 1356 539 1628 602; x_wconf 72' lang='lat' dir='ltr'>Januarfi,</span> <span class='ocrx_word' id='word_1_29' title='bbox 1678 541 1825 599; x_wconf 78' lang='grc'>1861,</span> 
     </span>
     <span class='ocr_line' id='line_1_5' title="bbox 176 618 825 679; baseline 0 -12"><span class='ocrx_word' id='word_1_30' title='bbox 176 619 393 669; x_wconf 87' lang='lat' dir='ltr'>minime</span> <span class='ocrx_word' id='word_1_31' title='bbox 430 618 825 679; x_wconf 74' lang='lat' dir='ltr'>adstringatur.</span> 
     </span>
    </p>
   </div>
   <div class='ocr_carea' id='block_1_3' title="bbox 171 706 1828 923">
    <p class='ocr_par' dir='ltr' id='par_1_3' title="bbox 171 706 1828 923">
     <span class='ocr_line' id='line_1_6' title="bbox 235 706 1827 771; baseline 0 -14"><span class='ocrx_word' id='word_1_32' title='bbox 235 710 528 771; x_wconf 84' lang='lat' dir='ltr'>Nunquam</span> <span class='ocrx_word' id='word_1_33' title='bbox 549 724 675 757; x_wconf 87' lang='lat' dir='ltr'>vero</span> <span class='ocrx_word' id='word_1_34' title='bbox 699 706 1060 768; x_wconf 80' lang='lat' dir='ltr'>Congregatio</span> <span class='ocrx_word' id='word_1_35' title='bbox 1083 707 1264 769; x_wconf 91' lang='lat' dir='ltr'>aliqua</span> <span class='ocrx_word' id='word_1_36' title='bbox 1288 706 1707 756; x_wconf 86' lang='lat' dir='ltr'>Primae-Prima</span> <span class='ocrx_word' id='word_1_37' title='bbox 1718 707 1827 757; x_wconf 87' lang='lat' dir='ltr'>riae</span> 
     </span>
     <span class='ocr_line' id='line_1_7' title="bbox 176 784 1828 848; baseline -0.002 -13"><span class='ocrx_word' id='word_1_38' title='bbox 176 792 507 848; x_wconf 87' lang='lat' dir='ltr'>aggregatur</span> <span class='ocrx_word' id='word_1_39' title='bbox 543 802 678 847; x_wconf 88' lang='lat' dir='ltr'>quae</span> <span class='ocrx_word' id='word_1_40' title='bbox 712 786 797 834; x_wconf 86' lang='lat' dir='ltr'>vel</span> <span class='ocrx_word' id='word_1_41' title='bbox 834 802 861 834; x_wconf 93' lang='lat' dir='ltr'>a</span> <span class='ocrx_word' id='word_1_42' title='bbox 901 785 1101 835; x_wconf 89' lang='lat' dir='ltr'>Sancta</span> <span class='ocrx_word' id='word_1_43' title='bbox 1139 785 1275 835; x_wconf 90' lang='lat' dir='ltr'>Sede</span> <span class='ocrx_word' id='word_1_44' title='bbox 1310 785 1424 846; x_wconf 79' lang='lat' dir='ltr'>jam</span> <span class='ocrx_word' id='word_1_45' title='bbox 1460 784 1828 845; x_wconf 73' lang='lat' dir='ltr'>indulgentias</span> 
     </span>
     <span class='ocr_line' id='line_1_8' title="bbox 171 861 1828 923; baseline -0.001 -11"><span class='ocrx_word' id='word_1_46' title='bbox 171 863 471 913; x_wconf 78' lang='lat' dir='ltr'>obtinuerit</span> <span class='ocrx_word' id='word_1_47' title='bbox 492 865 577 913; x_wconf 86' lang='lat' dir='ltr'>vel</span> <span class='ocrx_word' id='word_1_48' title='bbox 601 863 759 912; x_wconf 89' lang='lat' dir='ltr'>alteri</span> <span class='ocrx_word' id='word_1_49' title='bbox 784 862 1404 911; x_wconf 76' lang='lat' dir='ltr'>Archiconfraternitati</span> <span class='ocrx_word' id='word_1_50' title='bbox 1428 861 1498 911; x_wconf 90' lang='lat' dir='ltr'>sit</span> <span class='ocrx_word' id='word_1_51' title='bbox 1520 867 1828 923; x_wconf 87' lang='lat' dir='ltr'>aggregata.</span> 
     </span>
    </p>
   </div>
   <div class='ocr_carea' id='block_1_4' title="bbox 175 965 1830 1340">
    <p class='ocr_par' dir='ltr' id='par_1_4' title="bbox 175 965 1830 1340">
     <span class='ocr_line' id='line_1_9' title="bbox 245 965 1828 1027; baseline -0.001 -12"><span class='ocrx_word' id='word_1_52' title='bbox 245 968 290 1016; x_wconf 81' lang='lat'>2.</span> <span class='ocrx_word' id='word_1_53' title='bbox 367 967 478 1016; x_wconf 87' lang='lat' dir='ltr'>Eae</span> <span class='ocrx_word' id='word_1_54' title='bbox 514 965 842 1016; x_wconf 86' lang='lat' dir='ltr'>Sodalitates</span> <span class='ocrx_word' id='word_1_55' title='bbox 875 966 933 1014; x_wconf 88' lang='lat' dir='ltr'>in</span> <span class='ocrx_word' id='word_1_56' title='bbox 967 966 1218 1016; x_wconf 88' lang='lat' dir='ltr'>omnibus</span> <span class='ocrx_word' id='word_1_57' title='bbox 1252 965 1521 1027; x_wconf 82' lang='lat' dir='ltr'>Ecclesiis‚</span> <span class='ocrx_word' id='word_1_58' title='bbox 1561 965 1828 1027; x_wconf 84' lang='lat' dir='ltr'>Collegiis.</span> 
     </span>
     <span class='ocr_line' id='line_1_10' title="bbox 178 1043 1829 1107; baseline -0.002 -12"><span class='ocrx_word' id='word_1_59' title='bbox 178 1044 494 1095; x_wconf 88' lang='lat' dir='ltr'>Seminariis</span> <span class='ocrx_word' id='word_1_60' title='bbox 523 1044 709 1094; x_wconf 90' lang='lat' dir='ltr'>aliisve</span> <span class='ocrx_word' id='word_1_61' title='bbox 738 1043 867 1094; x_wconf 89' lang='lat' dir='ltr'>locis</span> <span class='ocrx_word' id='word_1_62' title='bbox 895 1043 1000 1107; x_wconf 90' lang='lat' dir='ltr'>piis</span> <span class='ocrx_word' id='word_1_63' title='bbox 1030 1043 1166 1105; x_wconf 88' lang='lat' dir='ltr'>erigi</span> <span class='ocrx_word' id='word_1_64' title='bbox 1194 1049 1423 1106; x_wconf 81' lang='lat' dir='ltr'>possunt</span> <span class='ocrx_word' id='word_1_65' title='bbox 1449 1060 1549 1106; x_wconf 91' lang='lat' dir='ltr'>pro</span> <span class='ocrx_word' id='word_1_66' title='bbox 1579 1043 1829 1093; x_wconf 85' lang='lat' dir='ltr'>scholari-</span> 
     </span>
     <span class='ocr_line' id='line_1_11' title="bbox 176 1121 1829 1184; baseline 0 -13"><span class='ocrx_word' id='word_1_67' title='bbox 176 1123 274 1172; x_wconf 87' lang='lat' dir='ltr'>bus</span> <span class='ocrx_word' id='word_1_68' title='bbox 305 1122 531 1184; x_wconf 87' lang='lat' dir='ltr'>aliisque</span> <span class='ocrx_word' id='word_1_69' title='bbox 564 1121 770 1171; x_wconf 79' lang='lat' dir='ltr'>Christi</span> <span class='ocrx_word' id='word_1_70' title='bbox 800 1121 1077 1183; x_wconf 82' lang='lat' dir='ltr'>fidelibus3</span> <span class='ocrx_word' id='word_1_71' title='bbox 1110 1127 1273 1183; x_wconf 89' lang='lat' dir='ltr'>atque</span> <span class='ocrx_word' id='word_1_72' title='bbox 1304 1122 1361 1169; x_wconf 87' lang='lat' dir='ltr'>in</span> <span class='ocrx_word' id='word_1_73' title='bbox 1390 1121 1619 1183; x_wconf 87' lang='lat' dir='ltr'>singulis</span> <span class='ocrx_word' id='word_1_74' title='bbox 1651 1122 1829 1171; x_wconf 87' lang='lat' dir='ltr'>Eccle-</span> 
     </span>
     <span class='ocr_line' id='line_1_12' title="bbox 176 1199 1830 1262; baseline 0 -15"><span class='ocrx_word' id='word_1_75' title='bbox 176 1199 283 1260; x_wconf 86' lang='lat' dir='ltr'>siis,</span> <span class='ocrx_word' id='word_1_76' title='bbox 318 1199 600 1262; x_wconf 82' lang='lat' dir='ltr'>Oratoriis‚</span> <span class='ocrx_word' id='word_1_77' title='bbox 634 1205 748 1260; x_wconf 65' lang='lat' dir='ltr'>etc..</span> <span class='ocrx_word' id='word_1_78' title='bbox 782 1215 889 1248; x_wconf 93' lang='lat' dir='ltr'>non</span> <span class='ocrx_word' id='word_1_79' title='bbox 921 1216 1028 1249; x_wconf 88' lang='lat' dir='ltr'>una</span> <span class='ocrx_word' id='word_1_80' title='bbox 1063 1205 1294 1261; x_wconf 75' lang='lat' dir='ltr'>tantuin,</span> <span class='ocrx_word' id='word_1_81' title='bbox 1329 1200 1421 1248; x_wconf 88' lang='lat' dir='ltr'>sed</span> <span class='ocrx_word' id='word_1_82' title='bbox 1452 1199 1615 1248; x_wconf 90' lang='lat' dir='ltr'>etiam</span> <span class='ocrx_word' id='word_1_83' title='bbox 1647 1200 1830 1262; x_wconf 83' lang='lat' dir='ltr'>plures</span> 
     </span>
     <span class='ocr_line' id='line_1_13' title="bbox 175 1276 1448 1340; baseline 0.001 -15"><span class='ocrx_word' id='word_1_84' title='bbox 175 1293 274 1340; x_wconf 87' lang='lat' dir='ltr'>pro</span> <span class='ocrx_word' id='word_1_85' title='bbox 307 1293 665 1338; x_wconf 84' lang='lat' dir='ltr'>personarum</span> <span class='ocrx_word' id='word_1_86' title='bbox 702 1277 1013 1338; x_wconf 79' lang='lat' dir='ltr'>frequentia</span> <span class='ocrx_word' id='word_1_87' title='bbox 1049 1277 1133 1326; x_wconf 81' lang='lat' dir='ltr'>vel</span> <span class='ocrx_word' id='word_1_88' title='bbox 1171 1276 1448 1338; x_wconf 82' lang='lat' dir='ltr'>qualitate.</span> 
     </span>
    </p>
   </div>
   <div class='ocr_carea' id='block_1_5' title="bbox 176 1373 1831 1824">
    <p class='ocr_par' dir='ltr' id='par_1_5' title="bbox 176 1373 1831 1824">
     <span class='ocr_line' id='line_1_14' title="bbox 246 1373 1830 1436; baseline 0.001 -16"><span class='ocrx_word' id='word_1_89' title='bbox 246 1374 290 1423; x_wconf 74' lang='lat'>3.</span> <span class='ocrx_word' id='word_1_90' title='bbox 369 1374 568 1423; x_wconf 85' lang='lat' dir='ltr'>Omnes</span> <span class='ocrx_word' id='word_1_91' title='bbox 621 1373 949 1424; x_wconf 87' lang='lat' dir='ltr'>Sodalitates</span> <span class='ocrx_word' id='word_1_92' title='bbox 1002 1374 1112 1424; x_wconf 83' lang='lat' dir='ltr'>sive</span> <span class='ocrx_word' id='word_1_93' title='bbox 1168 1373 1642 1436; x_wconf 86' lang='lat' dir='ltr'>Congregationes‚</span> <span class='ocrx_word' id='word_1_94' title='bbox 1697 1390 1830 1436; x_wconf 88' lang='lat' dir='ltr'>quae</span> 
     </span>
     <span class='ocr_line' id='line_1_15' title="bbox 177 1450 1830 1513; baseline 0.001 -14"><span class='ocrx_word' id='word_1_95' title='bbox 177 1450 720 1501; x_wconf 86' lang='lat' dir='ltr'>Primae-Primariae</span> <span class='ocrx_word' id='word_1_96' title='bbox 752 1451 1023 1501; x_wconf 82' lang='lat' dir='ltr'>Romanae</span> <span class='ocrx_word' id='word_1_97' title='bbox 1058 1452 1345 1513; x_wconf 86' lang='lat' dir='ltr'>aggregari</span> <span class='ocrx_word' id='word_1_98' title='bbox 1377 1452 1704 1513; x_wconf 85' lang='lat' dir='ltr'>desiderant,</span> <span class='ocrx_word' id='word_1_99' title='bbox 1740 1452 1830 1502; x_wconf 91' lang='lat' dir='ltr'>ali-</span> 
     </span>
     <span class='ocr_line' id='line_1_16' title="bbox 177 1528 1829 1591; baseline -0.001 -14"><span class='ocrx_word' id='word_1_100' title='bbox 177 1529 320 1590; x_wconf 87' lang='lat' dir='ltr'>quod</span> <span class='ocrx_word' id='word_1_101' title='bbox 346 1529 547 1589; x_wconf 79' lang='lat' dir='ltr'>Beatae</span> <span class='ocrx_word' id='word_1_102' title='bbox 573 1529 779 1578; x_wconf 79' lang='lat' dir='ltr'>Mariae</span> <span class='ocrx_word' id='word_1_103' title='bbox 805 1528 1066 1591; x_wconf 79' lang='lat' dir='ltr'>Virginis,</span> <span class='ocrx_word' id='word_1_104' title='bbox 1095 1530 1297 1578; x_wconf 78' lang='lat' dir='ltr'>festum</span> <span class='ocrx_word' id='word_1_105' title='bbox 1320 1531 1405 1579; x_wconf 86' lang='lat' dir='ltr'>vel</span> <span class='ocrx_word' id='word_1_106' title='bbox 1429 1529 1748 1590; x_wconf 82' lang='lat' dir='ltr'>mysterium</span> <span class='ocrx_word' id='word_1_107' title='bbox 1777 1529 1829 1577; x_wconf 90' lang='lat' dir='ltr'>in</span> 
     </span>
     <span class='ocr_line' id='line_1_17' title="bbox 176 1605 1831 1669; baseline 0 -14"><span class='ocrx_word' id='word_1_108' title='bbox 176 1605 401 1655; x_wconf 88' lang='lat' dir='ltr'>titulum</span> <span class='ocrx_word' id='word_1_109' title='bbox 426 1622 584 1656; x_wconf 89' lang='lat' dir='ltr'>suum</span> <span class='ocrx_word' id='word_1_110' title='bbox 610 1612 887 1655; x_wconf 84' lang='lat' dir='ltr'>assumant</span> <span class='ocrx_word' id='word_1_111' title='bbox 915 1623 1137 1668; x_wconf 84' lang='lat' dir='ltr'>eamque</span> <span class='ocrx_word' id='word_1_112' title='bbox 1163 1607 1220 1655; x_wconf 87' lang='lat' dir='ltr'>in</span> <span class='ocrx_word' id='word_1_113' title='bbox 1248 1608 1543 1656; x_wconf 81' lang='lat' dir='ltr'>Patronam</span> <span class='ocrx_word' id='word_1_114' title='bbox 1568 1607 1831 1669; x_wconf 88' lang='lat' dir='ltr'>peculiar-</span> 
     </span>
     <span class='ocr_line' id='line_1_18' title="bbox 177 1683 1831 1745; baseline -0.001 -13"><span class='ocrx_word' id='word_1_115' title='bbox 177 1700 258 1732; x_wconf 91' lang='lat' dir='ltr'>em</span> <span class='ocrx_word' id='word_1_116' title='bbox 283 1683 384 1733; x_wconf 86' lang='lat' dir='ltr'>sibi</span> <span class='ocrx_word' id='word_1_117' title='bbox 409 1683 627 1745; x_wconf 81' lang='lat' dir='ltr'>eligant.</span> <span class='ocrx_word' id='word_1_118' title='bbox 690 1683 1057 1734; x_wconf 88' lang='lat' dir='ltr'>Nihilominus</span> <span class='ocrx_word' id='word_1_119' title='bbox 1081 1683 1244 1734; x_wconf 87' lang='lat' dir='ltr'>etiam</span> <span class='ocrx_word' id='word_1_120' title='bbox 1268 1684 1407 1733; x_wconf 88' lang='lat' dir='ltr'>alius</span> <span class='ocrx_word' id='word_1_121' title='bbox 1429 1684 1626 1734; x_wconf 88' lang='lat' dir='ltr'>titulus</span> <span class='ocrx_word' id='word_1_122' title='bbox 1650 1700 1831 1734; x_wconf 91' lang='lat' dir='ltr'>secun-</span> 
     </span>
     <span class='ocr_line' id='line_1_19' title="bbox 178 1760 1692 1824; baseline 0.001 -14"><span class='ocrx_word' id='word_1_123' title='bbox 178 1761 365 1811; x_wconf 88' lang='lat' dir='ltr'>darius</span> <span class='ocrx_word' id='word_1_124' title='bbox 396 1760 506 1810; x_wconf 82' lang='lat' dir='ltr'>sive</span> <span class='ocrx_word' id='word_1_125' title='bbox 538 1762 810 1811; x_wconf 88' lang='lat' dir='ltr'>Patronus</span> <span class='ocrx_word' id='word_1_126' title='bbox 841 1761 1074 1823; x_wconf 82' lang='lat' dir='ltr'>adjungi</span> <span class='ocrx_word' id='word_1_127' title='bbox 1103 1761 1212 1811; x_wconf 85' lang='lat' dir='ltr'>sive</span> <span class='ocrx_word' id='word_1_128' title='bbox 1244 1762 1468 1811; x_wconf 85' lang='lat' dir='ltr'>retineri</span> <span class='ocrx_word' id='word_1_129' title='bbox 1500 1767 1692 1824; x_wconf 85' lang='lat' dir='ltr'>potest.</span> 
     </span>
    </p>
   </div>
   <div class='ocr_carea' id='block_1_6' title="bbox 156 1865 1834 2317">
    <p class='ocr_par' dir='ltr' id='par_1_6' title="bbox 156 1865 1834 2317">
     <span class='ocr_line' id='line_1_20' title="bbox 248 1865 1832 1928; baseline 0.001 -14"><span class='ocrx_word' id='word_1_130' title='bbox 248 1866 293 1914; x_wconf 86' lang='lat'>4.</span> <span class='ocrx_word' id='word_1_131' title='bbox 371 1865 617 1927; x_wconf 79' lang='lat' dir='ltr'>Singulis</span> <span class='ocrx_word' id='word_1_132' title='bbox 657 1865 1183 1927; x_wconf 84' lang='lat' dir='ltr'>Congregationibus</span> <span class='ocrx_word' id='word_1_133' title='bbox 1222 1865 1429 1928; x_wconf 86' lang='lat' dir='ltr'>praesit</span> <span class='ocrx_word' id='word_1_134' title='bbox 1469 1866 1732 1916; x_wconf 75' lang='lat' dir='ltr'>Sacerdos</span> <span class='ocrx_word' id='word_1_135' title='bbox 1770 1867 1832 1915; x_wconf 88' lang='lat' dir='ltr'>ab</span> 
     </span>
     <span class='ocr_line' id='line_1_21' title="bbox 156 1943 1832 2005; baseline -0.001 -12"><span class='ocrx_word' id='word_1_136' title='bbox 156 1943 475 2001; x_wconf 49' lang='lat' dir='ltr'>‚Ordinario</span> <span class='ocrx_word' id='word_1_137' title='bbox 506 1943 607 1992; x_wconf 89' lang='lat' dir='ltr'>loci</span> <span class='ocrx_word' id='word_1_138' title='bbox 635 1943 739 1993; x_wconf 89' lang='lat' dir='ltr'>rite</span> <span class='ocrx_word' id='word_1_139' title='bbox 770 1943 1114 1993; x_wconf 87' lang='lat' dir='ltr'>constitutus.</span> <span class='ocrx_word' id='word_1_140' title='bbox 1181 1943 1286 2005; x_wconf 78' lang='lat' dir='ltr'>Qui</span> <span class='ocrx_word' id='word_1_141' title='bbox 1315 1943 1371 1992; x_wconf 90' lang='lat' dir='ltr'>in</span> <span class='ocrx_word' id='word_1_142' title='bbox 1401 1943 1568 1992; x_wconf 84' lang='lat' dir='ltr'>officio</span> <span class='ocrx_word' id='word_1_143' title='bbox 1598 1960 1692 1993; x_wconf 87' lang='lat' dir='ltr'>suo</span> <span class='ocrx_word' id='word_1_144' title='bbox 1722 1960 1832 1993; x_wconf 83' lang='lat' dir='ltr'>exe-</span> 
     </span>
     <span class='ocr_line' id='line_1_22' title="bbox 180 2020 1833 2083; baseline 0 -14"><span class='ocrx_word' id='word_1_145' title='bbox 180 2021 393 2082; x_wconf 86' lang='lat' dir='ltr'>quendo</span> <span class='ocrx_word' id='word_1_146' title='bbox 418 2026 478 2070; x_wconf 89' lang='lat' dir='ltr'>ut</span> <span class='ocrx_word' id='word_1_147' title='bbox 502 2020 803 2083; x_wconf 90' lang='lat' dir='ltr'>plurimum</span> <span class='ocrx_word' id='word_1_148' title='bbox 828 2038 857 2070; x_wconf 89' lang='lat' dir='ltr'>a</span> <span class='ocrx_word' id='word_1_149' title='bbox 883 2021 1210 2082; x_wconf 88' lang='lat' dir='ltr'>magistratu</span> <span class='ocrx_word' id='word_1_150' title='bbox 1234 2022 1467 2082; x_wconf 87' lang='lat' dir='ltr'>quodam</span> <span class='ocrx_word' id='word_1_151' title='bbox 1492 2038 1521 2071; x_wconf 91' lang='lat' dir='ltr'>a</span> <span class='ocrx_word' id='word_1_152' title='bbox 1548 2020 1833 2072; x_wconf 80' lang='lat' dir='ltr'>Sodalibus</span> 
     </span>
     <span class='ocr_line' id='line_1_23' title="bbox 180 2098 1833 2160; baseline 0 -13"><span class='ocrx_word' id='word_1_153' title='bbox 180 2099 346 2147; x_wconf 85' lang='lat' dir='ltr'>electo</span> <span class='ocrx_word' id='word_1_154' title='bbox 384 2098 701 2159; x_wconf 80' lang='lat' dir='ltr'>adjuvatur.</span> <span class='ocrx_word' id='word_1_155' title='bbox 775 2100 856 2149; x_wconf 90' lang='lat' dir='ltr'>De</span> <span class='ocrx_word' id='word_1_156' title='bbox 894 2098 1053 2160; x_wconf 79' lang='lat' dir='ltr'>cujus</span> <span class='ocrx_word' id='word_1_157' title='bbox 1091 2099 1445 2160; x_wconf 84' lang='lat' dir='ltr'>magistratus</span> <span class='ocrx_word' id='word_1_158' title='bbox 1483 2098 1712 2159; x_wconf 85' lang='lat' dir='ltr'>eligendi</span> <span class='ocrx_word' id='word_1_159' title='bbox 1754 2115 1833 2147; x_wconf 91' lang='lat' dir='ltr'>ra-</span> 
     </span>
     <span class='ocr_line' id='line_1_24' title="bbox 180 2175 1834 2238; baseline -0.001 -14"><span class='ocrx_word' id='word_1_160' title='bbox 180 2175 340 2237; x_wconf 87' lang='lat' dir='ltr'>tione,</span> <span class='ocrx_word' id='word_1_161' title='bbox 390 2175 589 2237; x_wconf 81' lang='lat' dir='ltr'>officiis⁷</span> <span class='ocrx_word' id='word_1_162' title='bbox 637 2182 750 2237; x_wconf 59' lang='lat' dir='ltr'>etc„</span> <span class='ocrx_word' id='word_1_163' title='bbox 798 2177 1155 2227; x_wconf 75' lang='lat' dir='ltr'>consulantur</span> <span class='ocrx_word' id='word_1_164' title='bbox 1198 2193 1421 2238; x_wconf 87' lang='lat' dir='ltr'>precum</span> <span class='ocrx_word' id='word_1_165' title='bbox 1467 2175 1594 2225; x_wconf 88' lang='lat' dir='ltr'>libri</span> <span class='ocrx_word' id='word_1_166' title='bbox 1640 2175 1734 2237; x_wconf 84' lang='lat' dir='ltr'>qui</span> <span class='ocrx_word' id='word_1_167' title='bbox 1779 2175 1834 2223; x_wconf 92' lang='lat' dir='ltr'>in</span> 
     </span>
     <span class='ocr_line' id='line_1_25' title="bbox 181 2253 1329 2317; baseline 0.001 -15"><span class='ocrx_word' id='word_1_168' title='bbox 181 2270 339 2302; x_wconf 87' lang='lat' dir='ltr'>usum</span> <span class='ocrx_word' id='word_1_169' title='bbox 373 2253 654 2303; x_wconf 91' lang='lat' dir='ltr'>Sodalium</span> <span class='ocrx_word' id='word_1_170' title='bbox 686 2253 898 2314; x_wconf 82' lang='lat' dir='ltr'>vulgati</span> <span class='ocrx_word' id='word_1_171' title='bbox 928 2260 1055 2303; x_wconf 91' lang='lat' dir='ltr'>sunt</span> <span class='ocrx_word' id='word_1_172' title='bbox 1087 2253 1329 2317; x_wconf 88' lang='lat' dir='ltr'>plurimi.</span> 
     </span>
    </p>
   </div>
   <div class='ocr_carea' id='block_1_7' title="bbox 184 2349 1898 2723">
    <p class='ocr_par' dir='ltr' id='par_1_7' title="bbox 184 2349 1898 2723">
     <span class='ocr_line' id='line_1_26' title="bbox 185 2349 1837 2414; baseline -0.001 -14"><span class='ocrx_word' id='word_1_173' title='bbox 185 2393 193 2400; x_wconf 95' lang='lat'>.</span> <span class='ocrx_word' id='word_1_174' title='bbox 269 2352 315 2400; x_wconf 84' lang='lat'>5.</span> <span class='ocrx_word' id='word_1_175' title='bbox 393 2351 760 2401; x_wconf 85' lang='lat' dir='ltr'>Sodalitatum</span> <span class='ocrx_word' id='word_1_176' title='bbox 791 2367 927 2413; x_wconf 80' lang='lat' dir='ltr'>qua-e</span> <span class='ocrx_word' id='word_1_177' title='bbox 956 2368 1055 2414; x_wconf 92' lang='lat' dir='ltr'>per</span> <span class='ocrx_word' id='word_1_178' title='bbox 1085 2351 1325 2400; x_wconf 86' lang='lat' dir='ltr'>diversas</span> <span class='ocrx_word' id='word_1_179' title='bbox 1353 2350 1498 2400; x_wconf 89' lang='lat' dir='ltr'>orbis</span> <span class='ocrx_word' id='word_1_180' title='bbox 1527 2357 1712 2413; x_wconf 88' lang='lat' dir='ltr'>partes</span> <span class='ocrx_word' id='word_1_181' title='bbox 1741 2349 1837 2399; x_wconf 89' lang='lat' dir='ltr'>eri-</span> 
     </span>
     <span class='ocr_line' id='line_1_27' title="bbox 184 2428 1837 2491; baseline -0.001 -13"><span class='ocrx_word' id='word_1_182' title='bbox 184 2434 393 2490; x_wconf 88' lang='lat' dir='ltr'>guntur</span> <span class='ocrx_word' id='word_1_183' title='bbox 433 2434 639 2478; x_wconf 87' lang='lat' dir='ltr'>statuta</span> <span class='ocrx_word' id='word_1_184' title='bbox 679 2428 994 2491; x_wconf 76' lang='lat' dir='ltr'>peculiaria,</span> <span class='ocrx_word' id='word_1_185' title='bbox 1037 2428 1147 2478; x_wconf 89' lang='lat' dir='ltr'>sive</span> <span class='ocrx_word' id='word_1_186' title='bbox 1185 2428 1392 2491; x_wconf 77' lang='lat' dir='ltr'>localia,</span> <span class='ocrx_word' id='word_1_187' title='bbox 1435 2428 1478 2478; x_wconf 90' lang='lat' dir='ltr'>si</span> <span class='ocrx_word' id='word_1_188' title='bbox 1519 2444 1655 2490; x_wconf 90' lang='lat' dir='ltr'>quae</span> <span class='ocrx_word' id='word_1_189' title='bbox 1694 2434 1837 2487; x_wconf 74' lang='lat' dir='ltr'>sunt,</span> 
     </span>
     <span class='ocr_line' id='line_1_28' title="bbox 185 2504 1838 2569; baseline -0.002 -13"><span class='ocrx_word' id='word_1_190' title='bbox 185 2506 479 2556; x_wconf 86' lang='lat' dir='ltr'>Ordinario</span> <span class='ocrx_word' id='word_1_191' title='bbox 514 2506 629 2567; x_wconf 81' lang='lat' dir='ltr'>loci,</span> <span class='ocrx_word' id='word_1_192' title='bbox 666 2506 722 2555; x_wconf 89' lang='lat' dir='ltr'>id</span> <span class='ocrx_word' id='word_1_193' title='bbox 756 2512 849 2569; x_wconf 84' lang='lat' dir='ltr'>est,</span> <span class='ocrx_word' id='word_1_194' title='bbox 887 2506 1157 2568; x_wconf 86' lang='lat' dir='ltr'>Episcopo</span> <span class='ocrx_word' id='word_1_195' title='bbox 1192 2506 1296 2568; x_wconf 87' lang='lat' dir='ltr'>ipsi</span> <span class='ocrx_word' id='word_1_196' title='bbox 1329 2507 1414 2556; x_wconf 88' lang='lat' dir='ltr'>vel</span> <span class='ocrx_word' id='word_1_197' title='bbox 1447 2505 1667 2555; x_wconf 81' lang='lat' dir='ltr'>Vicario</span> <span class='ocrx_word' id='word_1_198' title='bbox 1703 2504 1838 2554; x_wconf 83' lang='lat' dir='ltr'>Gen-</span> 
     </span>
     <span class='ocr_line' id='line_1_29' title="bbox 185 2583 1839 2646; baseline 0.001 -13"><span class='ocrx_word' id='word_1_199' title='bbox 185 2584 318 2634; x_wconf 89' lang='lat' dir='ltr'>erali</span> <span class='ocrx_word' id='word_1_200' title='bbox 347 2585 415 2633; x_wconf 89' lang='lat' dir='ltr'>ad</span> <span class='ocrx_word' id='word_1_201' title='bbox 444 2584 500 2633; x_wconf 90' lang='lat' dir='ltr'>id</span> <span class='ocrx_word' id='word_1_202' title='bbox 528 2585 787 2645; x_wconf 89' lang='lat' dir='ltr'>delegat0‚</span> <span class='ocrx_word' id='word_1_203' title='bbox 818 2589 946 2633; x_wconf 87' lang='lat' dir='ltr'>sunt</span> <span class='ocrx_word' id='word_1_204' title='bbox 975 2584 1346 2646; x_wconf 87' lang='lat' dir='ltr'>proponenda,</span> <span class='ocrx_word' id='word_1_205' title='bbox 1378 2590 1441 2633; x_wconf 93' lang='lat' dir='ltr'>ut</span> <span class='ocrx_word' id='word_1_206' title='bbox 1469 2600 1527 2633; x_wconf 90' lang='lat' dir='ltr'>ea</span> <span class='ocrx_word' id='word_1_207' title='bbox 1558 2583 1839 2646; x_wconf 73' lang='lat' dir='ltr'>approbet,</span> 
     </span>
     <span class='ocr_line' id='line_1_30' title="bbox 187 2660 1898 2723; baseline -0.002 -12"><span class='ocrx_word' id='word_1_208' title='bbox 187 2661 543 2711; x_wconf 73' lang='lat' dir='ltr'>Sodalitatem</span> <span class='ocrx_word' id='word_1_209' title='bbox 571 2661 824 2711; x_wconf 90' lang='lat' dir='ltr'>canonice</span> <span class='ocrx_word' id='word_1_210' title='bbox 852 2661 1041 2722; x_wconf 78' lang='lat' dir='ltr'>erigat.</span> <span class='ocrx_word' id='word_1_211' title='bbox 1070 2661 1510 2723; x_wconf 88' lang='lat' dir='ltr'>aggregationem</span> <span class='ocrx_word' id='word_1_212' title='bbox 1537 2661 1605 2710; x_wconf 87' lang='lat' dir='ltr'>ad</span> <span class='ocrx_word' id='word_1_213' title='bbox 1636 2660 1840 2708; x_wconf 86' lang='lat' dir='ltr'>Prima-</span> <span class='ocrx_word' id='word_1_214' title='bbox 1892 2686 1898 2694; x_wconf 87' lang='lat'>·</span> 
     </span>
    </p>
   </div>
  </div>
 </body>
</html>
