2002 3042
1028 396 1109 448 ΙΙ.

189 554 193 559 ’
235 561 687 604 FACULTATES
714 561 1382 611 ARCHIDIOECESEOS
1409 562 1903 607 CHICAGIENSIS

307 744 470 794 Hisce
507 750 558 794 te
595 746 964 807 approbamus
1000 747 1068 795 ad
1105 746 1470 797 confessiones
1506 746 1810 796 audiendas
1843 745 1899 794 in

234 820 629 871 Arehidioeoesi
668 821 1012 885 Chieagiensi
1045 822 1594 886 jurisdictionemque
1630 823 1750 873 Tibi
1786 839 1904 872 eon-

238 899 480 949 eedimus
510 906 560 949 et
595 917 658 949 ex
689 906 958 963 potestate
990 901 1189 951 Nostra
1222 901 1519 952 Ordina-ria
1552 908 1603 952 et
1636 919 1699 951 ex
1732 901 1902 951 facul-

238 976 444 1027 tatibus
486 977 653 1027 Nobis
692 995 723 1027 a
763 978 1004 1028 Romano
1046 978 1309 1029 Pontifiee
1350 979 1527 1029 Leone
1568 980 1692 1028 RF.
1734 978 1899 1028 ΧΙΠ.

240 1054 412 1104 felicis
442 1054 710 1104 memoriae
740 1055 971 1117 benigne
1001 1055 1278 1118 eoncessiS,
1312 1056 1491 1118 quoad
1520 1055 1830 1118 sequentia:

304 1146 347 1195 1.
425 1145 778 1196 Praedioandi
826 1147 1070 1196 Verbum
1117 1145 1219 1196 Dei
1267 1146 1324 1195 in
1372 1145 1628 1196 Ecclesiis
1675 1146 1904 1195 Nostrae

236 1223 688 1285 ArehdioeeeseOS‚
721 1223 1090 1275 consentiente
1120 1230 1304 1274 tamen
1336 1224 1455 1274 fani
1486 1230 1708 1275 rectore.

307 1315 352 1365 2.
429 1314 878 1365 Administrandi
935 1314 1287 1365 Sacramenta
1345 1331 1463 1377 quae
1520 1315 1901 1378 Episeopalem

239 1393 623 1443 (ssfharaoterem
664 1409 774 1442 non
816 1392 1123 1454 requirunt,
1168 1393 1325 1442 modo
1368 1409 1434 1443 ne
1476 1391 1627 1442 tertii
1669 1393 1901 1442 laedat-ur

231 1470 337 1532 jus,

305 1562 350 1610 3
430 1560 757 1612 Celebrandi
797 1561 1019 1611 Missam
1069 1560 1152 1622 (a)
1202 1578 1301 1625 per
1339 1578 1505 1610 unam
1545 1562 1733 1612 horam
1775 1567 1899 1610 ante

236 1655 491 1688 auroram
537 1645 587 1689 et
633 1655 799 1688 unam
844 1644 966 1702 post
1012 1638 1293 1689 meridiem
1350 1638 1435 1699 (b)
1490 1638 1603 1688 sine
1650 1637 1899 1687 ministro

244 1718 323 1768 (e)
368 1716 423 1765 in
458 1716 621 1767 altari
656 1717 833 1766 fracto
877 1716 965 1776 (d)
1010 1715 1124 1766 sine
1157 1715 1404 1777 reliquiis
1440 1715 1766 1765 Sanctorum
1811 1716 1890 1775 (e.X

236 1794 596 1856 praesentibus
627 1793 908 1855 haereticis,
945 1792 1317 1843 sehismatieis.
1351 1792 1664 1842 infidelibus
1698 1809 1901 1842 exeom-

236 1871 648 1933 municatisque‚
675 1871 719 1921 si
744 1870 905 1921 aliter
928 1870 1190 1920 celebrari
1216 1869 1421 1932 nequit.

306 1965 352 2013 4.
431 1963 677 2026 Singulis
728 1963 981 2013 secundis
1035 1962 1189 2012 feriis
1240 1979 1348 2012 non
1401 1961 1680 2024 impeditis
1732 1961 1900 2010 offioio

244 2041 337 2090 ΙΧ.
384 2040 693 2101 lectionum,
738 2041 837 2101 vel,
884 2039 959 2090 eis
1001 2039 1296 2103 impeditis,
1343 2039 1429 2090 die
1473 2038 1783 2088 immediate
1827 2056 1896 2087 se-

236 2117 425 2180 quenti
481 2117 791 2168 eelebrandi
849 2117 1066 2167 missam
1124 2117 1189 2167 de
1247 2114 1607 2178 “Requiem''
1663 2115 1721 2164 in
1776 2132 1901 2177 quo-

237 2213 465 2258 vumque
491 2195 670 2253 altari,
699 2195 860 2246 etiam
888 2194 1154 2258 portatili,
1185 2194 1455 2244 liberandi
1483 2193 1691 2244 animas
1718 2209 1899 2244 secun-

237 2275 366 2323 dum
394 2280 546 2323 tuam
575 2272 933 2323 intentionem
963 2290 990 2322 a
1019 2271 1327 2335 purgatorii
1356 2271 1528 2334 poenis
1556 2288 1654 2334 per
1682 2271 1900 2320 modum

235 2350 501 2413 suffragii.

308 2443 352 2490 5.
433 2440 757 2492 Celebrandi
804 2440 1025 2490 Missam
1068 2440 1150 2490 bis
1193 2440 1249 2488 in
1295 2440 1484 2489 diebus
1528 2437 1807 2488 Domineis
1849 2443 1901 2487 et

243 2519 395 2570 festis
446 2520 510 2569 de
562 2518 905 2580 obligatione,
961 2534 1022 2567 ex
1076 2516 1411 2579 gravissimis
1463 2515 1638 2565 causis
1689 2515 1744 2563 in
1797 2531 1901 2576 quo

236 2596 480 2657 graviter
512 2602 603 2646 tua
642 2594 969 2645 conscientia
1006 2600 1282 2644 oneratur.

307 2691 350 2737 6.
432 2686 727 2736 Deferendi
760 2687 854 2736 ὃὸ.
887 2686 1300 2735 Saeramentum
1324 2685 1536 2734 ‘oet-ulte
1562 2684 1630 2733 ad
1658 2683 1900 2732 infirmos
