2002 3042
434 197 801 246 MANUALE
841 193 1500 245 MISSIONARIORUM
1735 194 1797 241 19

147 389 485 440 Sacrificium
513 388 688 437 Missae
716 385 1031 447 necessaria,
1062 384 1155 434 ubi
1183 400 1293 433 non
1320 382 1617 433 intervenit
1646 397 1799 431 sacra

144 466 357 525 uncti03
409 470 459 514 et
509 463 895 514 reconciliandi
945 461 1193 512 ecclesias
1238 461 1493 523 pollutaS,
1543 474 1681 520 aqua
1732 457 1797 506 ab

147 543 416 605 Episcopo
443 540 741 602 benedicta,
771 545 824 589 et
850 538 905 586 in
933 554 1060 587 casu
1086 535 1437 598 necessitatiS,
1467 535 1630 586 etiam
1657 550 1800 596 aqua

147 636 173 669 0
210 618 448 681 quolibet
482 618 758 667 sacerdote
789 614 1088 665 benedicta.

218 712 294 757 18.
373 706 739 757 Benedicendi
767 716 992 755 00101108
1019 702 1369 767 precatorias,
1400 717 1583 752 cruces
1613 706 1664 751 et
1692 717 1800 750 sac-

148 802 207 835 ra
244 784 572 835 numismata
610 783 780 844 iisque
818 780 1135 845 applicandi
1172 778 1560 841 indulgentias.

356 867 612 917 Adveite.
680 867 779 915 Hae
808 863 1163 926 indulgentiae
1193 868 1321 913 sunt
1362 862 1465 924 (A)
1508 861 1802 921 Indulgen-

284 943 372 994 tiae
409 944 640 1006 Papales
677 959 769 994 seu
806 940 1145 1025 Apostolicae‚
1196 940 1297 1002 (B)
1345 936 1709 999 Indulgentiae
1747 936 1799 986 S.

287 1019 537 1081 Birgittae
566 1035 665 1082 pro
696 1018 907 1067 coronis
934 1017 1189 1079 quinque,
1220 1032 1325 1077 sex,
1357 1016 1536 1065 decem
1567 1020 1619 1064 et
1648 1013 1802 1075 quin

284 1097 455 1147 decim
491 1096 770 1146 decadum.

219 1189 296 1238 19.
376 1187 661 1237 Recitandi
695 1184 972 1249 privatim,
1011 1183 1252 1246 legitima
1289 1188 1645 1233 concurrente
1682 1198 1801 1231 cau-

148 1284 219 1318 80
269 1264 607 1314 Matutinum
653 1279 773 1312 cum
819 1262 1100 1311 Laudibus
1145 1260 1253 1310 diei
1297 1258 1571 1321 sequentis
1617 1257 1799 1308 statim

148 1341 344 1405 elapsis
374 1341 585 1390 duabus
612 1339 760 1388 horis
787 1344 909 1402 post
941 1337 1236 1387 meridiem.

218 1432 298 1482 20.
374 1430 662 1481 Recitandi
707 1428 994 1479 Rosarium
1035 1429 1121 1478 vel
1165 1426 1301 1477 alias
1341 1442 1541 1490 preceS,
1587 1425 1631 1475 si
1674 1425 1803 1475 Bre-
1871 1435 1875 1440 ’

148 1508 383 1558 viarium
414 1513 593 1557 tecum
627 1505 841 1556 deferre
872 1521 981 1554 non
1013 1503 1232 1567 poteris,
1266 1504 1352 1553 Vel
1383 1503 1648 1552 Divinum
1682 1501 1803 1552 Offi-

141 1586 291 1643 cium
339 1585 403 1635 ob
453 1583 673 1646 aliquod
719 1580 1025 1643 legitimum
1073 1580 1526 1644 impedimentum
1574 1579 1803 1629 recitare

148 1678 253 1711 non
286 1662 481 1711 valeas,

357 1744 614 1794 Adverte.
681 1742 787 1792 Hic
818 1742 916 1791 sub
944 1740 1161 1791 nomine
1191 1739 1404 1790 Rosarii
1433 1738 1583 1790 venit
1614 1739 1804 1789 Rosar-

289 1821 400 1870 ium
436 1819 744 1882 quindecim
781 1818 1058 1867 decadum.

215 1912 295 1961 21.
372 1909 660 1960 Recitandi
702 1907 923 1958 tertiam
963 1912 1178 1970 partem
1219 1904 1432 1956 Rosarii
1471 1905 1587 1956 vice
1628 1905 1806 1954 Matu-

147 1988 250 2038 tini
277 1993 328 2038 et
354 1988 622 2048 Laudum,
652 2002 756 2048 quo
783 1985 868 2035 die
895 2001 993 2047 per
1018 1983 1258 2046 quinque
1284 1983 1475 2033 saltem
1500 1983 1661 2032 horas
1687 1998 1806 2032 con-

151 2056 408 2107 fessiones
441 2056 727 2118 exceperis.

220 2147 300 2196 22.
369 2145 660 2195 Retinendi
691 2161 751 2195 ac
782 2143 995 2206 legendi
1027 2143 1193 2193 libros
1225 2143 1290 2193 ab
1320 2142 1636 2205 Apostolica
1669 2141 1806 2193 Sede

150 2222 465 2287 prohibitos,
500 2222 658 2273 etiam
693 2226 881 2270 contra
915 2219 1250 2281 Religionem
1280 2236 1344 2270 οΧ
1372 2219 1617 2282 professo
1648 2234 1806 2280 agen-

149 2307 244 2363 tes,
278 2301 344 2350 ad
378 2299 629 2350 effectum
661 2315 747 2348 eos
777 2296 1170 2360 impugnandi3
1204 2312 1335 2358 quos
1365 2302 1548 2346 tamen
1580 2295 1806 2357 diligen-

151 2384 232 2427 ter
270 2375 542 2426 custodias
578 2392 644 2425 ne
682 2375 751 2424 ad
787 2373 1018 2424 aliorum
1057 2389 1248 2422 manus
1285 2372 1625 2436 perveniant.
1700 2373 1805 2421 ΕΧ-

147 2453 434 2517 cipiuntur
471 2451 598 2501 libri
638 2449 962 2512 astrologici,
1004 2449 1303 2512 judiciarii,
1344 2449 1708 2512 superstitiosi
1749 2465 1808 2498 ac

151 2530 381 2581 obscoeni
416 2546 479 2579 ex
513 2528 774 2591 professo.
