2002 3042
211 200 275 249 82
507 201 673 249 MAN
682 201 880 250 UALE
919 202 974 249 M
979 202 1008 250 I
1012 202 1094 253 SS
1101 203 1127 251 I
1132 203 1367 254 ONARJ
1373 205 1470 255 ΟΕ
1478 205 1523 254 U
1525 206 1583 253 M

218 393 279 442 1⁷.
355 393 623 445 Dominus
650 393 943 446 vobiscum.

213 483 277 533 R.
355 484 429 533 Et
451 500 574 534 cum
599 484 802 547 spiritu
826 490 937 535 tuo‚

921 603 1176 654 OREMUs.

284 691 514 743 Domine
542 699 742 755 sancte,
771 693 938 743 Pater
963 693 1322 757 omnipotens,
1351 698 1568 744 aeterne
1596 694 1758 756 Deus,
1788 693 1882 756 qui

213 783 606 833 benedictionis
640 788 767 834 tuae
802 783 1038 846 gratiam
1072 783 1249 846 aegris
1284 784 1632 835 infundendo
1667 800 1883 847 corpor-

212 872 348 935 ibus,
397 873 675 923 facturam
719 879 873 924 tuam
918 873 1214 938 multiplici
1259 874 1464 938 pietate
1510 875 1764 937 custodiS,
1812 875 1882 925 ad

212 963 611 1014 invocationem
648 963 885 1014 nominis
923 964 1008 1015 tui
1045 965 1314 1027 benignus
1352 965 1557 1029 assiste,
1597 971 1676 1028 ut,
1716 965 1883 1015 inter-

212 1054 434 1105 cedente
464 1055 620 1104 beato
651 1055 869 1117 Ignatio
901 1055 1223 1106 Confessore
1253 1061 1364 1118 tuo,
1397 1056 1634 1106 famulos
1663 1061 1786 1106 tuos
1815 1057 1882 1105 ab

211 1145 559 1207 aegritudine
593 1145 851 1196 liberatos
888 1151 940 1197 et
974 1146 1210 1197 sanitate
1245 1147 1488 1210 donatOS,
1526 1147 1749 1197 dextera
1784 1151 1881 1196 tua

212 1236 403 1299 erigas,
441 1236 649 1287 virtute
687 1237 985 1300 confirmes,
1024 1243 1296 1301 potestate
1335 1237 1542 1288 tuearis
1579 1242 1743 1300 atque
1781 1237 1882 1287 Ec-

211 1327 402 1378 clesiae
439 1333 566 1378 tuae
603 1333 821 1379 sanctae
859 1345 981 1378 cum
1018 1328 1164 1377 omni
1199 1318 1571 1392 prosperitate
1604 1328 1879 1379 restituas,

210 1406 317 1456 Per
348 1405 661 1468 Dominum,
696 1411 794 1456 etc.

278 1524 639 1588 Immcrgyitur
665 1540 836 1587 aquccze
866 1524 1140 1575 numisma
1166 1541 1259 1576 seu
1286 1524 1667 1587 ‘reliquiarium
1689 1524 1882 1576 Sancti

202 1615 232 1664 I
235 1614 429 1678 ynatii,
453 1619 502 1666 et
526 1615 841 1664 immersum
867 1619 1086 1665 tenetur
1108 1632 1277 1678 usque
1303 1617 1372 1666 acl
1393 1615 1555 1679 finem
1580 1615 1742 1666 huius
1766 1631 1882 1666 ora-

211 1706 389 1757 tionis.

278 1825 426 1876 Bene
449 1826 512 1890 »Β
535 1824 639 1889 dic,
674 1825 922 1889 Domine,
956 1825 1097 1876 hanc
1130 1842 1344 1888 aquam,
1378 1831 1441 1876 ut
1474 1824 1544 1876 sit
1576 1824 1878 1876 remedium

209 1918 449 1967 salutare
491 1917 677 1979 generi
714 1918 982 1980 human03
1025 1922 1076 1968 et
1115 1934 1215 1981 per
1253 1916 1694 1967 intercessionem
1734 1917 1879 1967 beati

206 2008 428 2071 Ignatii,
460 2008 621 2070 cujus
649 2007 923 2058 numisma
962 2008 1073 2070 (vel
1102 2007 1392 2070 reliquiae)
1432 2007 1489 2056 in
1519 2024 1636 2058 eam
1665 2007 1877 2057 immer-

209 2100 362 2162 gitur
411 2101 523 2162 (vel
562 2100 1023 2163 immerguntur),
1064 2105 1301 2164 praesta,
1342 2105 1407 2150 ut
1448 2099 1775 2163 quicumque
1816 2115 1879 2149 ex

209 2208 271 2242 ea
306 2191 657 2255 sumpserint,
698 2191 943 2254 corporis
979 2192 1271 2242 sanitatem
1309 2196 1362 2241 et
1398 2190 1611 2242 animae
1648 2191 1878 2241 tutelam

208 2282 535 2346 percipiant.
604 2283 712 2333 Per
744 2282 1041 2346 Christum,
1074 2287 1172 2333 etc.

277 2416 558 2467 Eclucitur
594 2432 657 2466 ex
693 2431 836 2478 aqua
870 2415 1143 2466 numisma
1178 2431 1271 2466 seu
1307 2414 1704 2477 reliquiarium.

914 2519 1171 2572 OREMUS.

278 2626 442 2689 Deus,
481 2624 574 2688 qui
612 2625 681 2675 ad
720 2624 984 2685 maiorem
1022 2623 1105 2674 tui
1142 2623 1378 2674 nominis
1416 2623 1645 2686 gloriam
1682 2641 1879 2688 propa-

209 2718 445 2779 gandam
477 2734 615 2767 novo
647 2733 746 2780 per
777 2717 997 2766 beatum
1028 2716 1309 2778 Ignatium
1342 2715 1583 2767 subsidio
1616 2716 1874 2766 militant-
