2002 3042
457 198 827 248 MANUALE
865 197 951 245 Ml
957 196 1068 246 SS!
1077 194 1308 245 ONARI
1316 194 1411 244 ΟΕ
1421 193 1524 243 UM
1757 192 1821 240 75

339 388 775 432 BENEDICTIO
833 387 1101 431 ADULTI
1158 384 1654 429 AEGROTANTIS

239 532 501 582 Sacerdos
533 531 840 581 cubiculum
873 528 1208 593 aeyrctantis
1236 527 1548 591 ingrediens
1581 526 1754 576 dicat.-

171 632 232 680 V.
308 631 423 679 Pax
449 629 573 678 huic
601 627 798 678 domui.

168 721 228 769 R.
306 721 378 770 Et
406 720 653 769 omnibus
680 717 1055 767 habitantibus
1082 716 1139 765 in
1166 733 1240 766 ea.

236 812 310 860 Et
343 810 599 860 continuo
630 809 702 858 ad
729 808 1007 871 infirmum
1039 807 1296 857 accedens
1327 804 1658 868 subjunyat:

196 902 231 951 Τ.
306 899 669 962 Adjutorium
693 903 940 948 nostrum
964 897 1021 946 in
1045 895 1261 946 nomine
1285 894 1522 945 Domini.
1571 930 1574 933 -

306 989 411 1053 Qui
443 989 575 1040 fecit
609 990 815 1040 coelum
847 994 899 1039 et
929 993 1149 1038 terram.

306 1079 550 1143 Domine,
580 1078 778 1129 exaudi
805 1077 1103 1128 orationem
1131 1092 1319 1127 meam.

305 1171 378 1220 Et
407 1171 610 1220 clamor
638 1186 785 1219 meus
814 1169 883 1219 ad
909 1173 962 1219 te
989 1167 1189 1218 veniat.

305 1259 572 1310 Dominus
597 1259 888 1309 vobiscum.

305 1351 379 1400 Et
400 1367 523 1400 cum
546 1349 748 1413 spiritu
772 1354 883 1400 tuo,

176 902 195 949 ‘q

165 991 231 1400 Ϊέῦῗΐὲῦῗΐέῦ

866 1467 1120 1519 OREMUS.

237 1559 498 1622 Introeat,
528 1557 757 1608 Domine
781 1558 818 1609 J
822 1574 915 1608 esu
943 1556 1174 1619 Christe,
1202 1557 1421 1607 domum
1446 1557 1586 1605 hanc
1612 1555 1682 1605 ad
1707 1570 1821 1604 nos-

164 1656 282 1701 trae
324 1648 653 1699 humilitatis
693 1647 999 1710 ingressum
1039 1664 1150 1711 pax
1190 1652 1242 1698 et
1284 1645 1655 1697 misericordia
1696 1651 1821 1695 tua:

148 1739 396 1802 'effugiat
424 1756 489 1791 ex
517 1740 614 1789 hoc
645 1739 758 1789 loco
788 1738 962 1788 omnis
992 1737 1239 1800 nequitia
1268 1737 1607 1799 daemonum,
1641 1734 1822 1786 adsint

167 1831 346 1892 angeli
379 1829 545 1894 paciS,
585 1830 909 1892 domumque
947 1829 1087 1879 hanc
1125 1828 1339 1879 deserat
1374 1826 1548 1878 omnis
1584 1825 1822 1888 maligna

167 1920 453 1971 discordia.
518 1918 825 1982 Magnifica,
858 1918 1104 1982 Domine,
1134 1934 1300 1981 super
1326 1934 1424 1968 nos
1451 1933 1648 1967 nomen
1675 1932 1820 1967 sanc-

164 2017 282 2062 tum
307 2017 492 2061 tuum:
521 2016 572 2061 et
599 2008 821 2060 benedic
845 2014 1061 2059 nostrae
1087 2007 1512 2059 conversationi:
1542 2006 1648 2070 Qui
1674 2023 1821 2058 sanc-

162 2107 250 2152 tus
274 2107 327 2152 et
348 2100 476 2165 pius
497 2117 564 2162 eS,
590 2105 641 2150 et
662 2115 948 2163 permanes
972 2115 1094 2149 cum
1118 2099 1283 2149 Patre
1305 2103 1359 2150 et
1384 2097 1601 2162 Spiritu
1624 2098 1822 2149 Sancto

166 2192 224 2242 in
257 2192 470 2242 saecula
502 2191 856 2241 saeculorum.
924 2189 988 2239 R.
1023 2188 1215 2240 Amen.

865 2307 1120 2360 OREMUS.

238 2399 479 2463 Respice,
534 2399 781 2461 Domine,
838 2399 1111 2449 famulum
1166 2403 1325 2449 tuum
1389 2399 1501 2461 (vel
1554 2398 1819 2449 famulam

165 2491 344 2551 tuam)
389 2489 448 2539 in
479 2489 798 2541 infirmitate
833 2488 1074 2553 corporis
1108 2489 1462 2553 laborantem,
1500 2494 1553 2540 et
1586 2489 1822 2538 animam

166 2580 350 2631 refove
399 2596 562 2643 quam
608 2579 832 2630 creasti:
879 2585 942 2630 ut
1005 2578 1455 2642 castigationibus
1505 2580 1823 2630 emendatus

176 2672 287 2733 (vel
325 2670 663 2732 emendata),
707 2670 964 2720 continuo
1007 2686 1060 2720 se
1099 2669 1298 2721 sentiat
1341 2675 1435 2721 tua
1478 2669 1821 2720 miseratione
