2002 3042
958 439 1106 493 XII.

724 590 817 631 DE
853 588 1087 632 CANTU
1122 589 1344 633 SACRO

270 690 314 738 1.
391 688 772 739 Missionarius
825 705 1079 752 magnam
1131 705 1319 739 curam
1373 694 1527 752 gerat
1583 690 1648 740 de
1701 695 1866 739 cantu

197 783 364 817 sacro.

268 858 313 908 2.
391 858 590 908 Paucis
624 864 749 908 ante
787 858 1095 908 missionem
1131 858 1483 908 hebdomadis
1517 875 1716 922 praeses
1749 858 1867 908 mit-

198 940 282 985 tat
309 937 586 998 exemplar
614 935 931 986 cantionum
959 937 1028 986 ad
1055 937 1356 1000 parochum
1383 941 1446 986 ut
1475 953 1563 987 eas
1590 936 1869 986 addiscere

199 1012 411 1076 possint
436 1012 595 1076 pueri
624 1019 673 1064 et
701 1014 896 1077 puellae
924 1014 981 1062 in
1008 1013 1217 1077 scholis,
1248 1014 1354 1064 imo
1382 1019 1434 1064 et
1460 1014 1639 1064 adulti
1665 1014 1722 1063 in
1751 1031 1868 1064 con-

200 1090 624 1152 gregationibus.

271 1182 315 1231 3.
394 1182 761 1232 Excudantur
812 1182 1143 1246 exemplaria
1195 1199 1421 1232 numero
1471 1182 1759 1233 sufficienti
1808 1188 1871 1233 ut

200 1275 357 1309 suum
390 1259 619 1322 quisque
648 1261 843 1310 habeat
873 1261 930 1310 in
960 1259 1197 1310 ecclesia.

271 1351 316 1400 4.
394 1350 770 1413 Designentur
826 1351 1049 1414 quidam
1108 1369 1172 1402 ex
1227 1351 1494 1414 acolythis
1551 1352 1645 1414 qui
1702 1369 1871 1402 exem-

200 1428 380 1492 plaria
410 1428 747 1479 distribuant
779 1434 846 1491 et,
879 1428 1050 1479 finitis
1082 1428 1369 1498 exercitiis
1403 1428 1678 1491 colligant.

272 1520 317 1570 5.
395 1521 555 1570 Mane
615 1537 724 1569 non
784 1521 1053 1571 habeatur
1111 1526 1305 1570 cantus
1363 1520 1870 1583 congregationalis

205 1597 444 1648 Cantent
491 1603 675 1648 tamen
724 1598 883 1661 pueri
932 1604 985 1649 et
1046 1599 1242 1662 puellae
1306 1598 1365 1647 in
1411 1598 1574 1648 missa
1620 1599 1872 1649 secunda.

203 1675 448 1738 Singulis
473 1675 729 1739 vesperiS‚
755 1692 939 1726 omnes
961 1678 1192 1738 hymnos
1214 1681 1266 1728 et
1289 1675 1550 1738 Anglicos
1575 1681 1626 1727 et
1651 1676 1875 1726 Latinos

204 1758 386 1803 cantet
423 1759 539 1804 tota
579 1753 942 1816 congregatio,
983 1753 1094 1804 sive
1133 1754 1426 1803 mulierum
1464 1752 1574 1804 sive
1613 1754 1873 1803 virorum.

275 1845 319 1894 6.
397 1844 502 1894 Ubi
537 1846 775 1908 populus
805 1845 919 1907 jam
952 1845 1326 1896 modulamina
1356 1843 1566 1907 didicit,
1600 1845 1874 1895 missiona-

206 1922 320 1972 rius
348 1941 372 1972 e
401 1928 675 1986 suggest11‚
704 1925 789 1973 vel
819 1923 964 1986 alibi,
995 1928 1217 1973 cantum
1246 1922 1466 1985 dirigat.

280 2156 323 2205 1.
403 2156 517 2206 One
547 2154 730 2217 year⁷s
761 2154 1113 2217 Indulgence,
1144 2159 1198 2204 to
1229 2154 1303 2203 all
1331 2154 1422 2204 the
1452 2152 1687 2202 faithful
1717 2166 1876 2212 every

207 2232 337 2284 time
371 2234 501 2295 they
533 2238 779 2296 promote
812 2233 903 2283 the
937 2231 1157 2295 singing
1189 2231 1248 2281 of
1281 2230 1554 2295 Spiritual
1590 2229 1876 2280 Canticles,

279 2325 324 2374 2.
403 2326 503 2374 100
536 2325 685 2387 dayS,
721 2341 883 2386 every
915 2324 1045 2375 time
1078 2340 1187 2385 any
1222 2339 1321 2373 one
1353 2321 1618 2386 practises
1650 2320 1762 2372 this
1794 2321 1877 2371 de-

208 2402 409 2452 votion.

283 2495 327 2544 3.
406 2495 646 2556 Plenary
698 2494 1040 2557 indulgence,
1096 2509 1226 2544 once
1278 2509 1308 2543 a
1361 2492 1565 2554 mouth,
1620 2491 1710 2541 for
1760 2506 1881 2554 pro-

210 2571 420 2634 moting
449 2572 558 2622 and
586 2571 892 2636 practising
921 2572 1030 2622 this
1058 2571 1292 2622 exercise
1323 2569 1527 2631 during
1555 2570 1645 2619 the
1676 2569 1878 2618 month.

214 2649 564 2705 Conditions:
671 2649 1008 2713 Confession‚
1079 2647 1456 2709 Communion‚
1524 2646 1670 2697 Visit
1733 2651 1788 2696 to
1853 2662 1883 2695 a

211 2728 431 2777 church.
502 2728 771 2790 Raccosta,
802 2728 954 2777 1910.
