2002 3042
190 178 218 225 7
226 176 253 224 6
488 174 652 222 MAN
662 173 858 222 UALE
898 173 950 220 M
960 172 1103 223 JSSJ
1111 172 1345 222 ONARI
1353 172 1449 222 ΟΕ
1458 171 1562 221 UM

197 372 469 420 salvatum
526 370 637 431 (vel
682 368 1002 428 salvatam).
1085 369 1191 419 Per
1240 367 1521 418 Christum
1566 366 1861 417 Dominum

197 463 460 507 nostrum.
528 456 592 506 R.
660 457 853 506 Amen.

903 558 1158 609 OREMUS.

268 645 576 695 Misericors
614 644 860 707 Domine,
897 644 1142 695 fidelium
1179 645 1497 706 consolator,
1539 659 1864 706 quaesumus

200 732 517 783 immensam
546 732 808 796 pietatem
834 738 1004 794 tuam,
1031 738 1095 782 ut
1123 733 1192 782 ad
1223 731 1512 782 introitum
1536 730 1867 781 humilitatis

190 826 408 870 nostrae
431 821 576 870 hunc
601 819 874 870 famulum
898 825 1057 870 tuum
1090 820 1200 882 (Vel
1224 820 1363 869 hanc
1387 819 1653 868 famulam
1678 818 1858 876 tuam)

198 924 363 970 super
403 908 603 957 lectum
644 906 846 957 doloris
886 906 969 956 sui
1011 907 1298 969 jacentem,
1340 906 1565 956 visitare
1606 905 1864 967 digne1²iS‚

199 994 339 1044 sicut
387 1011 601 1045 socrum
651 994 888 1045 Simonis
933 993 1199 1044 visitasti:
1246 992 1524 1057 propitius
1571 993 1756 1044 adesto
1804 991 1866 1054 ei,

199 1082 446 1143 Domine,
475 1087 746 1144 quatenus
771 1081 1009 1145 pristina
1036 1081 1272 1131 sanitate
1299 1086 1533 1144 recepta,
1562 1080 1866 1143 gratiarum

200 1169 300 1219 tibi
342 1169 399 1218 in
443 1168 688 1219 Ecclesia
728 1174 839 1231 tua,
886 1168 1095 1219 referat
1139 1167 1405 1218 actiones:
1485 1166 1592 1230 Qui
1633 1166 1773 1217 vivis
1817 1173 1868 1216 et

200 1273 396 1319 regnas
431 1256 578 1306 Deus
609 1256 667 1305 in
701 1257 914 1306 saecula
947 1257 1302 1305 saeculorum.
1372 1255 1436 1305 R.
1505 1255 1698 1305 Amen.

270 1343 501 1406 Deinde,
543 1344 840 1394 extendens
882 1344 1163 1393 domorum
1205 1358 1395 1393 versus
1436 1346 1603 1405 caput
1643 1341 1869 1405 aeyroti,

201 1431 375 1482 dicat:

271 1519 540 1568 Dominus
583 1518 745 1568 <Iesus
792 1516 1044 1568 Christus
1091 1517 1241 1580 apud
1285 1516 1532 1581 te÷sit‚
1576 1521 1639 1566 ut
1684 1521 1737 1566 te
1785 1517 1870 1566 de-

202 1606 424 1656 fendat:
446 1605 609 1661 ,intra
645 1610 698 1656 te
721 1606 784 1669 ›X‹
807 1605 892 1668 sit,
928 1610 991 1655 ut
1026 1610 1078 1656 te
1115 1609 1423 1655 conservet:
1461 1609 1587 1655 ante
1622 1609 1674 1654 te
1698 1605 1760 1668 ἦα
1784 1603 1868 1664 sit,

200 1699 264 1744 ut
291 1699 344 1744 te
374 1693 568 1744 ducat:
599 1698 722 1757 post
752 1698 804 1743 te
828 1694 890 1757 ›1‹
914 1692 999 1756 sit,
1030 1698 1094 1743 ut
1123 1698 1176 1743 te
1205 1692 1506 1743 custodiat:
1536 1709 1703 1755 super
1730 1697 1783 1743 te
1806 1692 1882 1755 ›1‹

200 1781 285 1844 sit,
316 1786 379 1831 ut
407 1787 459 1832 te
489 1781 803 1831 benedicat:
855 1779 961 1842 Qui
991 1797 1114 1830 cum
1144 1781 1309 1830 Patre
1339 1785 1390 1830 et
1422 1778 1640 1843 Spiritu
1671 1778 1870 1829 Sancto

199 1868 339 1919 vivit
370 1874 422 1920 et
452 1874 647 1931 regnat
676 1867 734 1917 in
763 1869 977 1919 saecula
1006 1868 1361 1918 saeculorum.

271 1957 334 2007 R.
409 1956 604 2007 Amen.

272 2043 592 2094 Benedictio
632 2043 734 2094 Dei
775 2042 1181 2106 omnipotentis,
1224 2041 1424 2105 Patris,
1468 2046 1522 2093 et
1561 2041 1708 2105 Filii,
1734 2043 1797 2106 ff<
1821 2046 1870 2091 et

204 2131 450 2195 Spiritus
476 2130 682 2193 Sancti,
713 2131 1006 2182 descendat
1031 2147 1198 2194 super
1222 2135 1290 2194 te,
1320 2135 1373 2181 et
1400 2134 1617 2180 maneat
1643 2145 1869 2192 semper.

271 2220 335 2270 R.
411 2219 605 2270 Amen.

272 2308 507 2358 Domum
534 2311 790 2370 asperyat
818 2306 1098 2371 infirmum
1126 2322 1270 2369 aqua
1297 2305 1595 2356 benedicta.
