2002 3042
179 195 242 241 <36
480 195 583 244 MA
593 196 639 243 ,V
650 196 742 244 ΓΛ
753 197 793 245 L
805 198 847 245 E
887 197 943 245 Μ
951 197 1438 249 JssmNARmR
1446 201 1551 250 [ΠΙ

181 390 535 447 Confessoris,
582 397 676 441 aut
722 390 1018 455 Pontificis,
1063 398 1158 442 aut
1199 393 1473 455 Virginis)
1526 395 1848 458 adaptatam

178 482 308 531 bene
332 483 395 546 ›1‹
419 481 612 544 dicere,
650 487 702 533 et
735 482 1076 533 sanctificare
1109 483 1380 545 digneris:
1416 490 1465 535 et
1500 492 1748 547 praesta;
1784 493 1847 537 ut

176 572 504 635 quicumque
544 589 724 623 coram
764 573 857 624 illa
895 574 1243 636 unigenitum
1284 575 1491 624 Filium
1529 582 1686 626 tuum
1736 579 1846 639 (vel

174 650 541 714 beatissimam
574 664 877 727 Virginem,
913 666 997 715 vel
1031 665 1326 727 gloriosum
1357 666 1698 729 Apostolum,
1734 668 1848 718 sive

174 756 494 817 Martyrem‚
538 756 649 806 sive
694 755 1088 817 Confessorem,
1131 762 1228 807 aut
1270 756 1585 819 Virginem)
1637 759 1848 822 suppli-

179 847 316 897 citer
347 849 519 898 colere
550 853 600 897 et
633 848 901 898 honorare
933 848 1224 911 studuerit,
1259 848 1408 898 illius
1440 848 1647 899 meritis
1679 856 1729 900 et
1761 851 1850 899 ob-

173 944 331 989 tentu
368 956 397 989 a
432 944 484 989 te
520 938 756 1001 gratiam
790 938 847 987 in
881 939 1175 1002 praesenti,
1212 945 1265 990 et
1300 945 1578 989 aeternam
1616 940 1847 1002 gloriam

177 1030 420 1080 obtineat
464 1029 521 1078 in
566 1029 837 1080 futurum.
916 1030 1022 1080 Per
1066 1029 1348 1081 Christum
1390 1031 1687 1080 Dominum
1730 1047 1848 1079 nos-

171 1126 335 1171 trum.
409 1121 469 1170 R.
544 1120 737 1170 Amen.

251 1211 451 1262 Ultimo
480 1216 735 1275 asperyat
762 1228 903 1274 aqua
933 1212 1232 1263 benedicta.

580 1365 1018 1411 BENEDICTIO
1060 1366 1156 1409 AD
1201 1364 1438 1409 OMNIA

244 1468 301 1517 Η
305 1484 395 1518 aec
426 1466 815 1517 benedictionis
842 1466 1086 1529 formula
1113 1466 1366 1516 adhiberi
1389 1470 1566 1529 potest
1596 1483 1624 1516 α
1655 1467 1847 1528 quovis

168 1552 460 1602 Sacerdote
489 1568 588 1614 pro
616 1550 867 1601 omnibus
890 1550 1069 1611 rebuS,
1096 1551 1160 1600 de
1188 1550 1387 1612 quibus
1410 1550 1662 1613 specialis
1689 1557 1840 1600 bene-

167 1636 332 1687 dictio
364 1652 474 1685 ‘non
504 1636 737 1685 habetur
767 1634 823 1684 in
857 1634 1070 1685 Rituaslz·
1101 1634 1362 1685 Romano.

169 1756 231 1805 V.
307 1754 672 1817 Adjutorium
705 1759 955 1804 nostrum
985 1753 1044 1803 in
1075 1753 1292 1803 nomine
1325 1752 1564 1802 Domini.

170 1846 234 1895 R.
312 1845 418 1908 Qui
448 1845 579 1896 fecit
606 1846 814 1896 coelum
843 1850 894 1896 et
919 1850 1143 1896 terram.

169 1939 216 1986 V
221 1979 231 1988 .
307 1938 575 1987 Dominus
602 1936 897 1987 vobiscum.

167 2029 229 2078 [i.
307 2029 381 2079 Et
411 2045 533 2078 cum
563 2027 767 2091 spiritu
797 2033 908 2078 tuo.

873 2132 1129 2184 OREMUs.

240 2225 403 2286 DeUS,
463 2224 624 2286 cujus
678 2225 843 2273 verbo
898 2223 1316 2274 sanctificantur
1369 2222 1840 2285 omnia,benedic-

165 2317 366 2367 tionem
409 2318 472 2381 ψ
513 2322 667 2366 tuam
705 2315 925 2366 effunde
963 2331 1129 2377 super
1167 2319 1476 2364 creaturam
1516 2312 1676 2363 istam
1725 2314 1837 2375 (vel

165 2413 446 2459 creaturas
483 2406 680 2467 istas):
720 2412 770 2457 et
810 2411 1045 2470 praesta,
1083 2410 1146 2454 ut
1183 2404 1430 2467 quisquis
1467 2421 1525 2455 ea
1576 2405 1686 2467 (vel
1726 2404 1826 2464 eis)

169 2499 466 2550 secundum
505 2499 676 2560 legem
715 2504 766 2548 et
804 2498 1145 2547 voluntatem
1181 2502 1334 2546 tuam
1371 2513 1493 2546 cum
1532 2495 1837 2558 gratiarum

167 2591 377 2640 actione
440 2606 570 2640 usus
635 2588 821 2646 fuerit,
885 2604 984 2651 per
1050 2587 1446 2637 invocationem
1499 2585 1839 2636 sanctissimi

165 2682 412 2731 Nominis
453 2681 552 2743 tui,
598 2680 842 2744 corporis
886 2679 1193 2733 sanitatem,
1237 2684 1287 2727 et
1332 2677 1544 2727 animae
1587 2679 1839 2735 tutelam,
