2002 3042
936 400 1064 455 XX.

183 552 274 595 DE
320 551 706 596 SCAPULARI
750 551 804 595 B.
849 551 907 596 V.
956 553 1023 595 M.
1067 553 1159 595 DE
1205 553 1454 597 MONTE
1499 553 1833 599 CARMELO

273 663 461 705 Puncta
495 662 756 715 desumpta
791 675 849 705 ex
883 663 1050 706 libello
1083 662 1132 705 in
1165 677 1258 706 usu
1291 664 1420 716 apud
1457 664 1751 708 carmelitas

670 730 1027 784 Discalceat0s‚
1060 732 1192 776 edito
1227 736 1349 777 1908.

990 830 1031 881 1.

456 935 1012 987 ossLIGATIONEs
1046 925 1576 988 CONFRATRUMss

255 1041 298 1089 1.
376 1039 446 1090 Ut
478 1040 597 1102 quis
625 1057 838 1090 sacrum
870 1041 1167 1103 Scapulare
1197 1060 1221 1092 a
1257 1042 1547 1093 Sacerdote
1578 1044 1839 1106 deputato

185 1134 305 1167 cum
332 1117 504 1167 solitis
530 1117 879 1168 caeremoniis
903 1118 1146 1181 recipiat.

257 1209 302 1257 2.
379 1208 453 1258 Ut
493 1208 612 1269 ejus
655 1224 849 1258 nomen
892 1208 1226 1259 inscribatur
1268 1210 1323 1258 in
1367 1211 1568 1259 Album
1615 1210 1843 1261 Confra-

188 1285 466 1335 ternitatis
506 1286 563 1334 in
606 1287 797 1348 quavis
840 1287 1079 1337 Ecclesia
1123 1287 1362 1350 Ordinis,
1405 1290 1489 1338 vel
1530 1289 1586 1337 in
1628 1306 1733 1351 qua
1775 1289 1843 1338 sit

185 1363 438 1413 canonice
470 1369 662 1414 erecta.

257 1454 301 1503 3.
378 1453 453 1503 Ut
487 1452 626 1504 illud
662 1471 825 1516 super
860 1454 1110 1505 humeros
1145 1461 1354 1518 portet3
1392 1462 1443 1506 et
1479 1455 1522 1505 si
1560 1455 1731 1506 fuerit
1767 1462 1843 1506 at—

187 1530 398 1592 tritum,
441 1531 592 1580 aliud
630 1531 739 1581 sive
781 1530 1140 1595 benedictum,
1183 1532 1293 1582 sive
1333 1549 1440 1582 non
1482 1532 1841 1595 benedictum,

187 1608 386 1670 absque
418 1608 525 1658 alia
555 1624 694 1658 nova
726 1609 1061 1659 caeremonia
1091 1610 1475 1660 assumendum
1505 1616 1598 1661 est.

189 1725 746 1776 OBLIGATIONES
786 1726 1360 1778 PARTICULARES
1399 1729 1542 1779 PRO
1584 1728 1846 1779 CONSE-

313 1809 617 1871 QUENDO
650 1810 1092 1861 PRIVILEGIO
1126 1811 1421 1861 BULLAE
1457 1812 1725 1862 SABBA-

895 1893 1143 1944 TINAE.

262 2000 306 2048 1.
382 1997 457 2048 Ut
479 2004 725 2048 servetur
749 1998 970 2049 castitas
994 2000 1291 2049 secundum
1315 2000 1602 2063 proprium
1627 2006 1845 2051 statum.

261 2090 306 2139 2.
383 2089 458 2139 Ut
499 2088 726 2139 scientes
769 2090 960 2152 legere,
1023 2089 1265 2151 quotidie
1326 2090 1556 2141 recitent
1601 2092 1847 2142 Officium

192 2183 425 2230 parvum
469 2167 529 2216 B.
576 2168 646 2216 M.
692 2167 755 2216 V.
799 2167 855 2215 in
899 2166 1181 2216 Breviario
1226 2167 1465 2217 Romano
1507 2169 1847 2232 appositum3

192 2244 490 2295 nescientes
521 2261 647 2294 vero
679 2244 869 2305 legere,
906 2243 1178 2295 Ecclesiae
1209 2244 1423 2307 jejunia
1456 2246 1755 2309 observent,
1789 2264 1849 2296 ac

194 2323 382 2374 diebus
411 2322 671 2372 Mercurii
701 2328 750 2371 et
782 2321 1005 2372 Sabbati
1034 2322 1341 2372 abstineant
1370 2322 1436 2373 ab
1465 2340 1557 2374 esu
1585 2325 1848 2385 carnium,

194 2407 416 2463 excepto
443 2398 528 2450 die
552 2398 765 2449 Natalis
790 2397 1025 2449 Domini.
1089 2399 1170 2449 Ob
1196 2399 1402 2461 justam
1426 2406 1609 2452 tamen
1634 2419 1850 2452 causam

197 2477 575 2529 Confessarius
613 2476 840 2540 quilibet
878 2476 934 2526 in
971 2476 1121 2527 aliud
1159 2477 1313 2541 pium
1349 2494 1484 2541 opus
1519 2487 1851 2533 commutare

193 2560 386 2619 potest.
1110 2564 1120 2576 ⁴

219 2673 314 2715 Pro
340 2670 671 2715 sacerdotibus
696 2674 740 2713 et
764 2668 1010 2723 reliyiosis
1034 2669 1214 2723 sufficit
1244 2670 1465 2723 Officium
1494 2672 1806 2719 canonicum.
