2002 3042
482 200 847 250 MANUALE
886 197 1544 249 MISSIONARIORUM
1778 198 1841 246 59

191 399 322 453 tum,
369 393 585 454 quando
631 393 687 440 in
733 391 1000 453 ejusmodi
1046 407 1311 440 concursu
1357 390 1548 453 populi
1592 390 1844 452 pluribus

191 470 438 519 fidelibus
470 468 630 518 simul
662 468 971 531 scapularia.
1002 468 1331 531 imponenda
1362 472 1492 517 sunt
1522 472 1572 516 et
1604 483 1842 529 praeser-

188 547 286 596 tim
321 547 536 608 quando
571 546 755 607 agitur
789 546 852 595 de
886 545 1228 607 impositione
1262 544 1601 594 diversorum
1634 545 1842 605 scapul-

190 623 367 673 arium
396 623 578 685 qualia
607 629 762 673 sunt:
797 623 851 682 1)
893 622 1190 684 Scapulare
1221 622 1315 672 SS.
1349 620 1652 682 Trinitatis,
1682 620 1740 679 2>
1781 621 1841 669 Β.

190 701 260 750 M.
300 702 363 751 V.
404 701 466 750 de
505 701 688 749 Monte
727 699 988 760 Carmelo,
1028 699 1084 759 3)
1131 705 1336 761 septem
1373 699 1635 747 Doloruni
1672 698 1732 747 B.
1771 697 1841 746 M.

188 778 269 841 V„
303 778 360 838 4)
402 778 709 827 caeruleum
741 777 1128 826 Immaculatae
1164 775 1546 838 Conceptionis
1577 775 1638 846 Β.
1673 775 1744 824 Μ.
1777 775 1841 824 V.

466 868 538 917 Et
571 868 732 917 Deus.

258 987 342 1035 Ex
377 985 656 1035 audien-tia
692 986 788 1036 SS.
826 985 898 1034 mi
933 985 1041 1034 diez·
1072 984 1138 1033 24
1168 985 1207 1034 J
1215 984 1330 1034 unii
1362 984 1494 1032 1913

188 1064 284 1114 SS.
324 1064 390 1113 D.
429 1064 494 1112 N.
534 1063 667 1113 Pius
705 1064 813 1112 PP.
852 1063 926 1125 X,
966 1062 1157 1112 audita
1195 1061 1455 1112 relatione
1494 1060 1843 1123 infrascripti

189 1140 498 1191 Cardinalis
540 1141 736 1191 Sacrae
783 1139 1234 1202 Conyrcyationis
1277 1139 1508 1189 Concilii
1549 1137 1842 1200 Praefecti,

189 1218 413 1281 benique
448 1217 642 1267 annuit
675 1233 774 1279 pro
809 1216 991 1279 qratia
1019 1215 1181 1277 jmta
1210 1233 1411 1278 preces.

794 1300 850 1350 C.
886 1300 1049 1350 CARD.
1084 1299 1346 1349 GENNARI
1374 1299 1559 1361 Praef.

459 1379 519 1427 L.
544 1379 606 1442 ›1‹
629 1378 683 1428 S.

1266 1455 1327 1505 O.
1358 1453 1545 1517 Gioryi
1570 1454 1700 1504 Scor

296 1559 604 1609 Concordat
623 1576 755 1608 cum
790 1559 1061 1621 Originali

292 1636 568 1688 Antonius
598 1637 740 1686 Rota
768 1636 914 1687 Scor.
947 1637 1000 1686 S.
1033 1636 1086 1686 J.

251 1807 403 1858 Idem
434 1824 742 1857 concessum
771 1813 850 1857 est
881 1807 1059 1870 quoad
1093 1807 1147 1856 10
1184 1807 1481 1870 Scapulare
1514 1807 1608 1857 SS.
1645 1806 1837 1856 Cordis

183 1885 331 1947 Jesu,
377 1881 432 1933 2Ο
480 1886 709 1935 rubrum
753 1885 1029 1934 Passionis
1069 1890 1119 1935 et
1166 1885 1261 1935 SS.
1309 1884 1570 1935 Cordium
1613 1885 1746 1934 Jesu
1789 1889 1840 1933 et

183 1962 405 2024 Mariae,
453 1961 508 2011 30
557 1964 865 2012 caeruleum
912 1961 1300 2012 Immaculatae
1349 1961 1731 2025 Conceptionis
1777 1962 1837 2011 Β.

184 2034 248 2083 V.
279 2034 351 2083 M.
418 2033 552 2083 Pius
579 2034 649 2091 X,
683 2034 711 2082 3
742 2032 896 2092 Julii,
930 2034 1079 2083 1913.
1172 2100 1177 2106 ι

506 2204 597 2247 DE
648 2203 1072 2248 NUMISMATE
1122 2203 1511 2248 SCAPULARI

251 2303 566 2353 “Omnibus
609 2303 874 2365 fidelibus,
921 2309 1033 2353 13111
1077 2311 1174 2353 uni
1220 2320 1382 2366 quam
1427 2302 1680 2366 pluribus
1723 2302 1835 2351 veri

180 2380 414 2430 nominis
459 2386 622 2443 atque
668 2398 699 2431 a
745 2381 946 2431 Sancta
992 2380 1129 2431 Sede
1170 2380 1416 2444 probatis
1460 2381 1837 2443 scapularibus

191 2457 455 2520 (exceptis
482 2474 618 2520 quae
644 2457 953 2508 Tertiorum
980 2457 1253 2509 Ordinum
1279 2464 1407 2508 sunt
1432 2457 1711 2521 propria),
1740 2473 1836 2520 per

180 2536 499 2597 regularem,
533 2541 596 2585 111
628 2535 800 2596 aiunt,
834 2534 1234 2598 impositionem
1267 2535 1381 2597 jam
1415 2534 1709 2597 adscriptis
1742 2539 1835 2583 aut

159 2611 236 2660 ·in
263 2617 540 2674 posterum
569 2612 955 2672 adscribendis‚
984 2612 1144 2663 licere
1170 2613 1395 2676 posthac
1423 2629 1524 2675 pro
1550 2611 1697 2674 ipsis,
1718 2610 1835 2660 sive

182 2705 287 2738 uno
317 2689 426 2740 sive
456 2688 724 2752 pluribus,
756 2689 1134 2752 scapularibus
1165 2707 1227 2740 ex
1258 2706 1440 2753 panno
1493 2689 1709 2738 unicum
1740 2705 1833 2737 nu-
