2002 3042
219 199 315 245 118
512 196 883 245 MANUALE
922 197 1586 249 MISSJONARIORUM

217 392 354 441 riam
405 393 702 441 Romanam
749 391 1085 441 commendet
1133 398 1183 441 et
1233 392 1538 455 praesidem
1588 392 1879 443 Sodalitati

217 476 424 520 erectae
454 470 732 531 assignare
762 468 1037 531 dignetur.

287 562 469 623 Atque
513 561 641 610 haec
683 559 861 609 omnia
904 559 1222 621 hujusmodi
1262 560 1462 609 litteris
1502 561 1567 609 ab
1610 560 1881 623 Episcopo

215 639 328 702 peti
364 644 607 702 possunt.

286 745 331 794 6.
410 743 697 793 Erectione
736 741 995 792 canonica
1032 748 1083 792 et
1118 742 1583 792 commendatione
1622 743 1687 792 ab
1726 742 1878 805 Epis-

216 839 347 885 copo
383 821 620 871 obtentis
652 821 1063 883 impetrandum
1097 826 1174 870 est
1210 837 1239 870 a
1276 820 1593 882 Praeposito
1629 819 1881 870 Generali

217 900 504 951 Societatis
546 900 679 949 Jesu
722 905 782 948 ut
826 899 1001 961 ipsam
1045 897 1535 959 Congregationem
1579 898 1881 948 Primariae

221 980 489 1027 Romanae
522 982 795 1039 aggreget.

519 1192 611 1234 DE
654 1189 1022 1233 SODALIUM
1066 1187 1576 1233 COOPTATIONE

286 1350 329 1398 1.
407 1346 633 1397 Litteris
671 1346 888 1396 demum
936 1342 1249 1406 (erectionis
1284 1344 1362 1404 et)
1410 1339 1815 1404 aggregationis
1853 1356 1880 1388 a

215 1426 534 1489 Praeposito
561 1423 816 1474 Generali
843 1422 1094 1485 acceptis,
1123 1422 1346 1472 Sodales
1370 1420 1613 1483 cooptari
1636 1424 1879 1483 possunt.

283 1545 328 1594 2.
408 1543 513 1606 Qui
540 1543 597 1592 in
627 1542 985 1593 Sodalitatem
1012 1540 1255 1603 cooptari
1284 1540 1598 1589 desiderant
1624 1544 1684 1588 ut
1712 1537 1880 1600 pluri-

215 1641 359 1672 mum
387 1621 491 1671 nisi
521 1626 742 1684 peracto
771 1619 953 1682 aliquo
979 1617 1319 1682 probationis
1346 1623 1589 1680 tempore
1615 1633 1724 1665 non
1754 1615 1880 1665 reci-

212 1701 456 1764 piantur.
534 1699 599 1748 In
639 1716 697 1749 eo
736 1698 951 1761 quidem
993 1695 1255 1759 temporis
1293 1694 1486 1758 spatio,
1526 1695 1571 1744 si
1609 1711 1707 1757 per
1746 1693 1881 1743 Con-

214 1778 548 1841 gregationis
575 1781 780 1827 statuta
813 1774 1005 1825 localia
1034 1775 1111 1824 ita
1139 1773 1420 1837 provisum
1450 1772 1535 1835 sit,
1566 1772 1680 1834 jam
1707 1772 1775 1821 ad
1803 1771 1882 1821 of-

213 1858 332 1907 ficia
371 1856 653 1907 Sodalium
690 1853 997 1904 communia
1032 1852 1251 1902 admitti
1287 1856 1544 1914 possunt;
1581 1850 1638 1899 in
1676 1849 1883 1901 Sodali-

212 1936 343 1986 tatis
377 1951 503 1986 vero
542 1933 925 1995 magistratum
958 1948 1067 1980 non
1103 1930 1395 1992 eligantur.

284 2056 329 2104 3.
408 2054 646 2109 Sodales,
677 2051 720 2101 si
750 2050 1023 2100 commode
1054 2049 1171 2099 fieri
1201 2053 1395 2111 potest,
1425 2046 1767 2110 recipiantur
1796 2045 1881 2095 die

213 2135 395 2196 aliquo
427 2133 629 2183 Beatae
660 2129 868 2179 Mariae
898 2126 1119 2189 Virgini
1149 2142 1317 2181 sacro.
1348 2131 1399 2175 et
1430 2141 1488 2175 eo
1519 2123 1739 2187 quidem
1768 2123 1879 2172 ritu

213 2219 263 2263 et
304 2228 504 2275 pompa
547 2226 683 2272 quae
726 2208 783 2256 in
824 2206 978 2256 libris
1019 2205 1075 2254 in
1120 2203 1402 2255 Sodalium
1442 2219 1602 2252 usum
1641 2201 1881 2263 vulgatis

215 2290 618 2341 describuntur.
707 2286 881 2335 Probe
930 2300 1057 2334 vero
1107 2281 1507 2332 advertendum
1557 2280 1881 2340 formulam3

213 2370 301 2419 Ad
339 2367 601 2429 majorem
634 2363 736 2414 Dei
769 2362 1014 2425 gloriam.
1067 2402 1076 2410 .
1129 2401 1137 2409 .
1192 2401 1200 2409 .
1261 2359 1371 2420 (vel
1405 2357 1568 2407 aliam
1601 2356 1880 2420 similem),

213 2465 319 2510 qua,
353 2446 472 2509 ipsa
505 2444 563 2493 in
595 2442 956 2493 Sodalitatem
990 2437 1227 2501 receptio
1260 2436 1674 2500 pronuntiatur.
1709 2452 1816 2485 non
1851 2452 1881 2485 a

214 2525 400 2577 Sodali
434 2523 526 2586 qui
560 2518 836 2571 Praefecti
870 2534 1093 2567 munere
1127 2514 1401 2576 fungitur,
1436 2515 1528 2564 sed
1561 2531 1589 2564 a
1624 2513 1880 2563 Praeside

212 2606 329 2668 ipso
366 2620 466 2666 per
503 2597 863 2651 Ordinarium
900 2594 1213 2652 constituto,
1252 2595 1337 2643 vel
1376 2594 1442 2642 ab
1477 2592 1597 2654 ejus
1634 2592 1880 2653 delegato

147 2712 153 2720 ·
212 2682 470 2744 legitimo.
507 2695 615 2729 esse
649 2674 1056 2740 proferendam.
