2002 3042
434 179 801 231 JJANUALE
841 173 1499 228 MISSIONARIORUM
1731 172 1796 221 79

147 377 466 437 missionem,
517 380 568 425 et
632 372 847 423 veniam
912 372 1204 421 clementer
1266 367 1519 429 indulge:
1569 371 1631 416 ut
1680 365 1800 427 ejus

147 464 326 514 anima
366 462 422 510 in
459 463 592 511 hora
628 459 806 510 exitus
840 457 923 508 sui
959 463 1011 508 te
1048 457 1289 519 judicem
1323 452 1688 518 propitiatum
1723 451 1800 499 in-

148 549 344 611 veniat,
378 553 432 598 et
462 547 519 595 in
552 545 829 607 Sanguine
863 544 1108 606 ejusdem
1141 541 1273 591 Filii
1303 540 1386 591 tui
1418 541 1485 590 ab
1518 537 1663 588 omni
1695 554 1802 586 ma-

148 637 271 685 cula.
309 635 511 695 abluta,
551 632 787 682 transire
828 631 898 681 ad
936 630 1107 680 vitam
1146 633 1422 678 mereatur
1461 630 1800 689 perpetuam.

149 723 253 772 Per
289 721 535 772 eumdem
576 718 856 769 Christum
893 716 1189 766 Dominum
1224 720 1488 764 nostrum.

218 808 279 857 R.
354 807 545 856 Amen.

222 926 263 974 T
273 942 357 975 um
388 925 530 974 dicto
560 923 622 972 ab
655 938 761 973 uuo
793 938 854 972 ex
886 919 1108 972 Clericis
1140 918 1486 970 adstantibus
1516 916 1804 979 Confiteor,

150 1002 413 1053 Sacerdos
453 1000 626 1051 dicat:
700 999 1040 1060 Misereatur,
1081 1002 1178 1047 etc.
1253 995 1492 1045 Deinde.-

220 1087 486 1137 Dominus
513 1092 696 1136 noster
724 1086 761 1136 J
766 1101 885 1135 esus
917 1084 1183 1144 Christus,
1217 1081 1394 1132 Filius
1423 1080 1524 1131 Dei
1553 1079 1680 1142 vivi,
1713 1078 1803 1140 qui

150 1175 303 1225 beato
348 1175 509 1224 Petro
553 1173 815 1235 Apostolo
861 1188 954 1221 suo
1016 1170 1170 1220 dedit
1209 1174 1534 1233 potestatem
1579 1166 1804 1229 ligandi,

151 1268 312 1324 atque
340 1259 611 1310 solvendi:
640 1276 738 1322 per
765 1275 918 1308 suam
946 1257 1247 1321 piissimam
1275 1253 1700 1305 misericordiam
1730 1269 1803 1302 re-

151 1347 320 1411 cipiat
374 1345 764 1397 confessionem
817 1350 986 1405 tuam,
1044 1349 1095 1394 et
1149 1341 1406 1393 restituat
1459 1341 1560 1391 tibi
1614 1341 1805 1390 stolam

151 1435 400 1498 primam,
438 1450 600 1496 quam
636 1433 694 1481 in
730 1431 1058 1495 baptismate
1096 1429 1377 1492 recepisti:
1415 1434 1467 1479 et
1503 1444 1599 1490 ego
1638 1427 1806 1477 facul-

151 1527 263 1572 tate
290 1520 421 1569 mihi
447 1518 761 1582 Apostolica
789 1519 924 1569 Sede
950 1518 1175 1579 tributa,
1202 1514 1603 1578 indulgentiam
1626 1515 1806 1578 plena-

153 1608 306 1668 riam,
333 1613 385 1658 et
410 1605 776 1657 remissionem
801 1603 1042 1655 omnium
1065 1608 1413 1667 peccatorum
1437 1601 1538 1652 tibi
1563 1601 1807 1651 concede.

224 1695 289 1743 In
317 1693 532 1744 nomine
561 1692 758 1754 Patris,
788 1698 839 1743 et
868 1691 1014 1754 Filii,
1039 1692 1101 1755 »Β
1125 1696 1176 1741 et
1205 1688 1449 1752 Spiritus
1478 1688 1681 1739 Sancti.

224 1786 329 1835 Per
354 1789 715 1859 sacrosancta·
737 1783 1007 1833 humanae
1043 1769 1409 1844 reparationis
1433 1778 1707 1840 mysteria,
1734 1795 1810 1827 re-

155 1875 340 1925 mittat
372 1873 473 1924 tibi
509 1872 850 1936 omnipotens
884 1873 1033 1922 Deus
1066 1887 1248 1921 omnes
1282 1869 1601 1934 praesentiS,
1639 1874 1691 1919 et
1727 1869 1810 1917 fu-

153 1972 309 2015 turae
359 1964 502 2014 vitae
554 1979 770 2026 poenaS,
822 1961 1066 2025 paradisi
1118 1966 1307 2024 portas
1355 1959 1583 2023 aperiat,
1639 1964 1690 2009 et
1743 1959 1812 2009 ad

156 2055 355 2117 gaudia
390 2054 722 2117 sempiterna
750 2054 1034 2117 perducat.
1102 2053 1294 2117 Amen.

228 2145 523 2196 Benedicat
551 2150 603 2195 te
629 2143 971 2206 omnipotens
998 2143 1159 2205 Deus,
1188 2143 1368 2204 Pater,
1398 2146 1449 2192 et
1476 2141 1653 2191 Filius
1676 2141 1738 2204 ›1‹
1762 2145 1812 2190 et

160 2235 402 2299 Spiritus
428 2235 677 2286 Sanctus
737 2234 929 2284 Amen.

228 2355 289 2404 Si
320 2370 444 2403 vero
476 2353 726 2416 infirmus
758 2351 828 2402 sit
862 2352 993 2402 adeo
1025 2350 1190 2402 morti
1218 2350 1518 2414 proximus,
1550 2354 1612 2401 ut
1643 2365 1813 2412 neque

160 2429 530 2492 Confessionis
559 2429 827 2492 yeneralis
854 2428 1158 2492 faciendae,
1188 2443 1362 2490 ‘neque
1391 2428 1811 2491 praemissarum

158 2524 380 2570 precum
416 2507 822 2557 recitandarum
857 2509 1070 2568 tempus
1102 2508 1379 2568 suppetat,
1410 2505 1596 2556 statim
1631 2505 1810 2555 Sacer-

159 2585 254 2634 dos
281 2583 721 2634 Benedictiouem
750 2582 798 2633 ei
822 2582 1192 2646 impertiatur.
