<?xml version="1.0" encoding="UTF-8"?>
<!DOCTYPE html PUBLIC "-//W3C//DTD XHTML 1.0 Transitional//EN"
    "http://www.w3.org/TR/xhtml1/DTD/xhtml1-transitional.dtd">
<html xmlns="http://www.w3.org/1999/xhtml" xml:lang="en" lang="en">
 <head>
  <title>
</title>
<meta http-equiv="Content-Type" content="text/html;charset=utf-8" />
  <meta name='ocr-system' content='tesseract 3.04.00' />
  <meta name='ocr-capabilities' content='ocr_page ocr_carea ocr_par ocr_line ocrx_word'/>
</head>
<body>
  <div class='ocr_page' id='page_1' title='image "./manualemissionar00ryan_0032.png"; bbox 0 0 2002 3042; ppageno 0'>
   <div class='ocr_carea' id='block_1_1' title="bbox 961 421 1089 485">
    <p class='ocr_par' dir='ltr' id='par_1_1' title="bbox 961 421 1089 485">
     <span class='ocr_line' id='line_1_1' title="bbox 961 421 1089 485; baseline 0 -1"><span class='ocrx_word' id='word_1_1' title='bbox 961 421 1089 485; x_wconf 92' lang='lat' dir='ltr'>IV.</span> 
     </span>
    </p>
   </div>
   <div class='ocr_carea' id='block_1_2' title="bbox 584 559 1484 698">
    <p class='ocr_par' dir='ltr' id='par_1_2' title="bbox 584 559 1484 698">
     <span class='ocr_line' id='line_1_2' title="bbox 584 559 1484 605; baseline 0 -2"><span class='ocrx_word' id='word_1_2' title='bbox 584 561 718 605; x_wconf 91' lang='lat' dir='ltr'>PRO</span> <span class='ocrx_word' id='word_1_3' title='bbox 755 560 994 605; x_wconf 88' lang='lat' dir='ltr'>SACRIS</span> <span class='ocrx_word' id='word_1_4' title='bbox 1029 559 1484 604; x_wconf 90' lang='lat' dir='ltr'>MISSIONIBUS</span> 
     </span>
     <span class='ocr_line' id='line_1_3' title="bbox 672 662 1391 698; baseline -0.003 -1"><span class='ocrx_word' id='word_1_5' title='bbox 672 662 1069 698; x_wconf 73' lang='lat' dir='ltr'>INDULGENTIAE</span> <span class='ocrx_word' id='word_1_6' title='bbox 1099 663 1391 697; x_wconf 75' lang='lat' dir='ltr'>PLENARIAE</span> 
     </span>
    </p>
   </div>
   <div class='ocr_carea' id='block_1_3' title="bbox 199 778 1868 1689">
    <p class='ocr_par' dir='ltr' id='par_1_3' title="bbox 199 778 1868 1689">
     <span class='ocr_line' id='line_1_4' title="bbox 277 778 1865 843; baseline -0.001 -15"><span class='ocrx_word' id='word_1_7' title='bbox 277 781 311 829; x_wconf 74' lang='lat' dir='ltr'>i.</span> <span class='ocrx_word' id='word_1_8' title='bbox 391 782 653 843; x_wconf 83' lang='lat' dir='ltr'>Tempore</span> <span class='ocrx_word' id='word_1_9' title='bbox 705 779 1034 842; x_wconf 70' lang='lat' dir='ltr'>missionum,</span> <span class='ocrx_word' id='word_1_10' title='bbox 1082 786 1194 829; x_wconf 87' lang='lat' dir='ltr'>tam</span> <span class='ocrx_word' id='word_1_11' title='bbox 1244 779 1529 841; x_wconf 82' lang='lat' dir='ltr'>Religiosis</span> <span class='ocrx_word' id='word_1_12' title='bbox 1579 778 1865 829; x_wconf 72' lang='lat' dir='ltr'>Societatis</span> 
     </span>
     <span class='ocr_line' id='line_1_5' title="bbox 200 856 1864 920; baseline -0.002 -13"><span class='ocrx_word' id='word_1_13' title='bbox 200 859 333 907; x_wconf 71' lang='lat' dir='ltr'>-Jesu</span> <span class='ocrx_word' id='word_1_14' title='bbox 373 875 400 907; x_wconf 87' lang='lat' dir='ltr'>a</span> <span class='ocrx_word' id='word_1_15' title='bbox 444 857 834 920; x_wconf 76' lang='lat' dir='ltr'>Superioribus</span> <span class='ocrx_word' id='word_1_16' title='bbox 871 858 940 907; x_wconf 89' lang='lat' dir='ltr'>ad</span> <span class='ocrx_word' id='word_1_17' title='bbox 982 857 1259 906; x_wconf 75' lang='lat' dir='ltr'>missiones</span> <span class='ocrx_word' id='word_1_18' title='bbox 1298 857 1640 920; x_wconf 87' lang='lat' dir='ltr'>peragendas</span> <span class='ocrx_word' id='word_1_19' title='bbox 1674 856 1864 915; x_wconf 71' lang='lat' dir='ltr'>missis,</span> 
     </span>
     <span class='ocr_line' id='line_1_6' title="bbox 200 931 1865 996; baseline -0.001 -14"><span class='ocrx_word' id='word_1_20' title='bbox 200 951 362 996; x_wconf 69' lang='lat' dir='ltr'>quam</span> <span class='ocrx_word' id='word_1_21' title='bbox 402 934 654 984; x_wconf 87' lang='lat' dir='ltr'>omnibus</span> <span class='ocrx_word' id='word_1_22' title='bbox 692 933 979 996; x_wconf 85' lang='lat' dir='ltr'>utriusque</span> <span class='ocrx_word' id='word_1_23' title='bbox 1020 951 1178 984; x_wconf 78' lang='lat' dir='ltr'>sexus</span> <span class='ocrx_word' id='word_1_24' title='bbox 1219 933 1426 984; x_wconf 80' lang='lat' dir='ltr'>Christi</span> <span class='ocrx_word' id='word_1_25' title='bbox 1464 933 1731 994; x_wconf 80' lang='lat' dir='ltr'>fidelibus,</span> <span class='ocrx_word' id='word_1_26' title='bbox 1773 931 1865 994; x_wconf 72' lang='lat' dir='ltr'>qm]</span> 
     </span>
     <span class='ocr_line' id='line_1_7' title="bbox 203 1008 1867 1075; baseline -0.001 -15"><span class='ocrx_word' id='word_1_27' title='bbox 203 1011 545 1062; x_wconf 61' lang='lat' dir='ltr'>missionibus</span> <span class='ocrx_word' id='word_1_28' title='bbox 597 1011 731 1075; x_wconf 90' lang='lat' dir='ltr'>ipsis</span> <span class='ocrx_word' id='word_1_29' title='bbox 781 1029 880 1074; x_wconf 89' lang='lat' dir='ltr'>per</span> <span class='ocrx_word' id='word_1_30' title='bbox 932 1011 1229 1073; x_wconf 86' lang='lat' dir='ltr'>Religiosos</span> <span class='ocrx_word' id='word_1_31' title='bbox 1279 1011 1526 1073; x_wconf 82' lang='lat' dir='ltr'>ejusdem</span> <span class='ocrx_word' id='word_1_32' title='bbox 1579 1008 1867 1060; x_wconf 80' lang='lat' dir='ltr'>Societatis</span> 
     </span>
     <span class='ocr_line' id='line_1_8' title="bbox 199 1085 1868 1151; baseline -0.002 -12"><span class='ocrx_word' id='word_1_33' title='bbox 199 1090 235 1139; x_wconf 85' lang='lat' dir='ltr'>,J</span> <span class='ocrx_word' id='word_1_34' title='bbox 240 1106 332 1138; x_wconf 86' lang='lat' dir='ltr'>esu</span> <span class='ocrx_word' id='word_1_35' title='bbox 365 1088 710 1151; x_wconf 78' lang='lat' dir='ltr'>peragendis,</span> <span class='ocrx_word' id='word_1_36' title='bbox 745 1088 985 1151; x_wconf 73' lang='lat' dir='ltr'>quinque</span> <span class='ocrx_word' id='word_1_37' title='bbox 1018 1088 1228 1138; x_wconf 74' lang='lat' dir='ltr'>vicibus</span> <span class='ocrx_word' id='word_1_38' title='bbox 1257 1104 1358 1151; x_wconf 90' lang='lat' dir='ltr'>pro</span> <span class='ocrx_word' id='word_1_39' title='bbox 1392 1087 1634 1149; x_wconf 85' lang='lat' dir='ltr'>qualibet</span> <span class='ocrx_word' id='word_1_40' title='bbox 1666 1085 1868 1136; x_wconf 90' lang='lat' dir='ltr'>missio-</span> 
     </span>
     <span class='ocr_line' id='line_1_9' title="bbox 199 1163 1866 1228; baseline -0.001 -14"><span class='ocrx_word' id='word_1_41' title='bbox 199 1183 264 1215; x_wconf 84' lang='lat' dir='ltr'>ne</span> <span class='ocrx_word' id='word_1_42' title='bbox 300 1165 404 1216; x_wconf 88' lang='lat' dir='ltr'>rite</span> <span class='ocrx_word' id='word_1_43' title='bbox 439 1164 772 1218; x_wconf 77' lang='lat' dir='ltr'>adstiterint,</span> <span class='ocrx_word' id='word_1_44' title='bbox 810 1182 869 1215; x_wconf 86' lang='lat' dir='ltr'>ac</span> <span class='ocrx_word' id='word_1_45' title='bbox 905 1165 1114 1215; x_wconf 84' lang='lat' dir='ltr'>interea</span> <span class='ocrx_word' id='word_1_46' title='bbox 1148 1164 1410 1228; x_wconf 86' lang='lat' dir='ltr'>temporis</span> <span class='ocrx_word' id='word_1_47' title='bbox 1445 1182 1570 1215; x_wconf 79' lang='lat' dir='ltr'>vere</span> <span class='ocrx_word' id='word_1_48' title='bbox 1603 1163 1866 1228; x_wconf 84' lang='lat' dir='ltr'>poeniten-</span> 
     </span>
     <span class='ocr_line' id='line_1_10' title="bbox 199 1242 1865 1294; baseline -0.002 -2"><span class='ocrx_word' id='word_1_49' title='bbox 199 1249 279 1293; x_wconf 85' lang='lat' dir='ltr'>tes</span> <span class='ocrx_word' id='word_1_50' title='bbox 336 1248 386 1293; x_wconf 91' lang='lat' dir='ltr'>et</span> <span class='ocrx_word' id='word_1_51' title='bbox 446 1243 679 1293; x_wconf 76' lang='lat' dir='ltr'>confessi</span> <span class='ocrx_word' id='word_1_52' title='bbox 738 1243 971 1294; x_wconf 79' lang='lat' dir='ltr'>SSmum</span> <span class='ocrx_word' id='word_1_53' title='bbox 1030 1242 1392 1292; x_wconf 76' lang='lat' dir='ltr'>Eucharistiae</span> <span class='ocrx_word' id='word_1_54' title='bbox 1451 1242 1865 1292; x_wconf 83' lang='lat' dir='ltr'>Sacramentum</span> 
     </span>
     <span class='ocr_line' id='line_1_11' title="bbox 200 1319 1867 1383; baseline -0.002 -13"><span class='ocrx_word' id='word_1_55' title='bbox 200 1320 536 1383; x_wconf 87' lang='lat' dir='ltr'>sumpserint</span> <span class='ocrx_word' id='word_1_56' title='bbox 576 1337 636 1370; x_wconf 90' lang='lat' dir='ltr'>ac</span> <span class='ocrx_word' id='word_1_57' title='bbox 678 1338 778 1383; x_wconf 92' lang='lat' dir='ltr'>pro</span> <span class='ocrx_word' id='word_1_58' title='bbox 820 1319 1246 1370; x_wconf 87' lang='lat' dir='ltr'>christianorum</span> <span class='ocrx_word' id='word_1_59' title='bbox 1287 1319 1611 1382; x_wconf 74' lang='lat' dir='ltr'>Principum</span> <span class='ocrx_word' id='word_1_60' title='bbox 1654 1335 1867 1368; x_wconf 91' lang='lat' dir='ltr'>concor-</span> 
     </span>
     <span class='ocr_line' id='line_1_12' title="bbox 201 1395 1867 1459; baseline -0.001 -14"><span class='ocrx_word' id='word_1_61' title='bbox 201 1399 304 1451; x_wconf 74' lang='lat' dir='ltr'>dia.</span> <span class='ocrx_word' id='word_1_62' title='bbox 343 1398 605 1447; x_wconf 73' lang='lat' dir='ltr'>haeresum</span> <span class='ocrx_word' id='word_1_63' title='bbox 641 1397 1036 1459; x_wconf 74' lang='lat' dir='ltr'>exstirpatione</span> <span class='ocrx_word' id='word_1_64' title='bbox 1072 1414 1132 1447; x_wconf 88' lang='lat' dir='ltr'>ac</span> <span class='ocrx_word' id='word_1_65' title='bbox 1171 1397 1222 1447; x_wconf 83' lang='lat' dir='ltr'>S.</span> <span class='ocrx_word' id='word_1_66' title='bbox 1262 1396 1458 1447; x_wconf 82' lang='lat' dir='ltr'>Matris</span> <span class='ocrx_word' id='word_1_67' title='bbox 1495 1395 1749 1446; x_wconf 68' lang='lat' dir='ltr'>Ecclesia}</span> <span class='ocrx_word' id='word_1_68' title='bbox 1783 1412 1867 1444; x_wconf 77' lang='lat' dir='ltr'>ex-</span> 
     </span>
     <span class='ocr_line' id='line_1_13' title="bbox 199 1473 1867 1538; baseline -0.002 -14"><span class='ocrx_word' id='word_1_69' title='bbox 199 1474 461 1525; x_wconf 84' lang='lat' dir='ltr'>altatione</span> <span class='ocrx_word' id='word_1_70' title='bbox 496 1474 617 1538; x_wconf 89' lang='lat' dir='ltr'>pias</span> <span class='ocrx_word' id='word_1_71' title='bbox 653 1475 722 1524; x_wconf 90' lang='lat' dir='ltr'>ad</span> <span class='ocrx_word' id='word_1_72' title='bbox 760 1475 936 1524; x_wconf 89' lang='lat' dir='ltr'>Deum</span> <span class='ocrx_word' id='word_1_73' title='bbox 972 1491 1159 1537; x_wconf 89' lang='lat' dir='ltr'>preces</span> <span class='ocrx_word' id='word_1_74' title='bbox 1197 1473 1495 1524; x_wconf 84' lang='lat' dir='ltr'>effuderint</span> <span class='ocrx_word' id='word_1_75' title='bbox 1543 1473 1867 1535; x_wconf 81' lang='lat' dir='ltr'>(Gregorius</span> 
     </span>
     <span class='ocr_line' id='line_1_14' title="bbox 200 1540 1865 1614; baseline -0.001 -13"><span class='ocrx_word' id='word_1_76' title='bbox 200 1552 374 1613; x_wconf 59' lang='lat' dir='ltr'>XVI„</span> <span class='ocrx_word' id='word_1_77' title='bbox 445 1551 610 1602; x_wconf 84' lang='lat' dir='ltr'>Brevi</span> <span class='ocrx_word' id='word_1_78' title='bbox 678 1540 1084 1614; x_wconf 57' lang='lat' dir='ltr'>Erponcnslmn</span> <span class='ocrx_word' id='word_1_79' title='bbox 1152 1551 1337 1613; x_wconf 69' lang='lat' dir='ltr'>Nobis,</span> <span class='ocrx_word' id='word_1_80' title='bbox 1405 1551 1469 1599; x_wconf 85' lang='lat'>20</span> <span class='ocrx_word' id='word_1_81' title='bbox 1538 1550 1865 1610; x_wconf 76' lang='lat' dir='ltr'>Decembris,</span> 
     </span>
     <span class='ocr_line' id='line_1_15' title="bbox 202 1630 388 1689; baseline 0.011 -12"><span class='ocrx_word' id='word_1_82' title='bbox 202 1630 388 1689; x_wconf 74' lang='lat'>1839).</span> 
     </span>
    </p>
   </div>
   <div class='ocr_carea' id='block_1_4' title="bbox 199 1719 1921 2729">
    <p class='ocr_par' dir='ltr' id='par_1_4' title="bbox 272 1719 1702 1784">
     <span class='ocr_line' id='line_1_16' title="bbox 272 1719 1702 1784; baseline -0.001 -15"><span class='ocrx_word' id='word_1_83' title='bbox 272 1721 463 1782; x_wconf 81' lang='lat' dir='ltr'>Quoad</span> <span class='ocrx_word' id='word_1_84' title='bbox 490 1720 811 1784; x_wconf 83' lang='lat' dir='ltr'>praedictam</span> <span class='ocrx_word' id='word_1_85' title='bbox 840 1719 1257 1782; x_wconf 80' lang='lat' dir='ltr'>indulgentiam,</span> <span class='ocrx_word' id='word_1_86' title='bbox 1287 1719 1567 1769; x_wconf 84' lang='lat' dir='ltr'>indultum</span> <span class='ocrx_word' id='word_1_87' title='bbox 1596 1724 1702 1770; x_wconf 86' lang='lat' dir='ltr'>est:</span> 
     </span>
    </p>

    <p class='ocr_par' dir='ltr' id='par_1_5' title="bbox 199 1802 1866 2097">
     <span class='ocr_line' id='line_1_17' title="bbox 268 1802 1864 1866; baseline -0.001 -13"><span class='ocrx_word' id='word_1_88' title='bbox 268 1805 317 1853; x_wconf 78' lang='lat' dir='ltr'><strong>A</strong></span> <span class='ocrx_word' id='word_1_89' title='bbox 394 1803 443 1853; x_wconf 78' lang='lat' dir='ltr'>U</span> <span class='ocrx_word' id='word_1_90' title='bbox 445 1811 467 1854; x_wconf 89' lang='lat' dir='ltr'>t</span> <span class='ocrx_word' id='word_1_91' title='bbox 497 1805 829 1855; x_wconf 83' lang='lat' dir='ltr'>extendatur</span> <span class='ocrx_word' id='word_1_92' title='bbox 857 1804 1021 1853; x_wconf 89' lang='lat' dir='ltr'>etiam</span> <span class='ocrx_word' id='word_1_93' title='bbox 1049 1804 1120 1853; x_wconf 73' lang='lat' dir='ltr'>ad</span> <span class='ocrx_word' id='word_1_94' title='bbox 1147 1804 1408 1866; x_wconf 73' lang='lat' dir='ltr'>infirmos,</span> <span class='ocrx_word' id='word_1_95' title='bbox 1438 1803 1730 1853; x_wconf 88' lang='lat' dir='ltr'>dummodo</span> <span class='ocrx_word' id='word_1_96' title='bbox 1760 1802 1864 1852; x_wconf 87' lang='lat' dir='ltr'>alia</span> 
     </span>
     <span class='ocr_line' id='line_1_18' title="bbox 201 1880 1866 1944; baseline -0.003 -12"><span class='ocrx_word' id='word_1_97' title='bbox 201 1882 288 1944; x_wconf 86' lang='lat' dir='ltr'>pia</span> <span class='ocrx_word' id='word_1_98' title='bbox 319 1899 480 1944; x_wconf 91' lang='lat' dir='ltr'>opera</span> <span class='ocrx_word' id='word_1_99' title='bbox 512 1899 540 1931; x_wconf 91' lang='lat' dir='ltr'>a</span> <span class='ocrx_word' id='word_1_100' title='bbox 570 1881 888 1944; x_wconf 85' lang='lat' dir='ltr'>respectivis</span> <span class='ocrx_word' id='word_1_101' title='bbox 915 1880 1263 1932; x_wconf 76' lang='lat' dir='ltr'>confessariis</span> <span class='ocrx_word' id='word_1_102' title='bbox 1290 1880 1545 1942; x_wconf 82' lang='lat' dir='ltr'>injuncta</span> <span class='ocrx_word' id='word_1_103' title='bbox 1574 1895 1866 1942; x_wconf 82' lang='lat' dir='ltr'>exsequan-</span> 
     </span>
     <span class='ocr_line' id='line_1_19' title="bbox 199 1956 1865 2020; baseline -0.002 -12"><span class='ocrx_word' id='word_1_104' title='bbox 199 1966 294 2008; x_wconf 86' lang='lat' dir='ltr'>tur</span> <span class='ocrx_word' id='word_1_105' title='bbox 337 1958 663 2020; x_wconf 80' lang='lat' dir='ltr'>(Gregorius</span> <span class='ocrx_word' id='word_1_106' title='bbox 698 1958 871 2014; x_wconf 59' lang='lat' dir='ltr'>XVI„</span> <span class='ocrx_word' id='word_1_107' title='bbox 910 1958 1177 2020; x_wconf 86' lang='lat' dir='ltr'>rescripto</span> <span class='ocrx_word' id='word_1_108' title='bbox 1215 1957 1266 2008; x_wconf 82' lang='lat' dir='ltr'>S.</span> <span class='ocrx_word' id='word_1_109' title='bbox 1306 1957 1362 2008; x_wconf 87' lang='lat' dir='ltr'>C.</span> <span class='ocrx_word' id='word_1_110' title='bbox 1401 1957 1522 2008; x_wconf 90' lang='lat' dir='ltr'>Ind.</span> <span class='ocrx_word' id='word_1_111' title='bbox 1560 1958 1623 2006; x_wconf 83' lang='lat'>17</span> <span class='ocrx_word' id='word_1_112' title='bbox 1659 1956 1865 2017; x_wconf 72' lang='lat' dir='ltr'>Martii,</span> 
     </span>
     <span class='ocr_line' id='line_1_20' title="bbox 202 2036 387 2097; baseline 0.011 -13"><span class='ocrx_word' id='word_1_113' title='bbox 202 2036 387 2097; x_wconf 74' lang='lat'>1841).</span> 
     </span>
    </p>

    <p class='ocr_par' dir='ltr' id='par_1_6' title="bbox 200 2117 1921 2492">
     <span class='ocr_line' id='line_1_21' title="bbox 271 2117 1865 2183; baseline -0.002 -14"><span class='ocrx_word' id='word_1_114' title='bbox 271 2121 314 2169; x_wconf 80' lang='lat' dir='ltr'>B</span> <span class='ocrx_word' id='word_1_115' title='bbox 391 2120 463 2170; x_wconf 80' lang='lat' dir='ltr'>Ut</span> <span class='ocrx_word' id='word_1_116' title='bbox 507 2126 750 2183; x_wconf 88' lang='lat' dir='ltr'>tempore</span> <span class='ocrx_word' id='word_1_117' title='bbox 793 2119 1077 2176; x_wconf 83' lang='lat' dir='ltr'>missionis,</span> <span class='ocrx_word' id='word_1_118' title='bbox 1121 2118 1441 2169; x_wconf 78' lang='lat' dir='ltr'>confessarii</span> <span class='ocrx_word' id='word_1_119' title='bbox 1483 2135 1605 2168; x_wconf 90' lang='lat' dir='ltr'>cum</span> <span class='ocrx_word' id='word_1_120' title='bbox 1647 2118 1728 2180; x_wconf 76' lang='lat' dir='ltr'>iis⁷</span> <span class='ocrx_word' id='word_1_121' title='bbox 1773 2117 1865 2180; x_wconf 91' lang='lat' dir='ltr'>qui</span> 
     </span>
     <span class='ocr_line' id='line_1_22' title="bbox 200 2195 1866 2259; baseline -0.001 -13"><span class='ocrx_word' id='word_1_122' title='bbox 200 2216 224 2246; x_wconf 76' lang='lat' dir='ltr'>a</span> <span class='ocrx_word' id='word_1_123' title='bbox 263 2199 421 2259; x_wconf 81' lang='lat' dir='ltr'>]onge</span> <span class='ocrx_word' id='word_1_124' title='bbox 456 2198 525 2247; x_wconf 88' lang='lat' dir='ltr'>ad</span> <span class='ocrx_word' id='word_1_125' title='bbox 561 2197 867 2247; x_wconf 85' lang='lat' dir='ltr'>missionem</span> <span class='ocrx_word' id='word_1_126' title='bbox 901 2202 1171 2247; x_wconf 80' lang='lat' dir='ltr'>venerunt</span> <span class='ocrx_word' id='word_1_127' title='bbox 1207 2202 1257 2247; x_wconf 90' lang='lat' dir='ltr'>et</span> <span class='ocrx_word' id='word_1_128' title='bbox 1294 2195 1584 2258; x_wconf 86' lang='lat' dir='ltr'>quinquies</span> <span class='ocrx_word' id='word_1_129' title='bbox 1617 2195 1866 2246; x_wconf 86' lang='lat' dir='ltr'>assistere</span> 
     </span>
     <span class='ocr_line' id='line_1_23' title="bbox 200 2272 1866 2337; baseline -0.001 -15"><span class='ocrx_word' id='word_1_130' title='bbox 200 2275 583 2337; x_wconf 83' lang='lat' dir='ltr'>nequiverunt.</span> <span class='ocrx_word' id='word_1_131' title='bbox 626 2275 942 2337; x_wconf 64' lang='lat' dir='ltr'>dispensare</span> <span class='ocrx_word' id='word_1_132' title='bbox 984 2275 1202 2324; x_wconf 72' lang='lat' dir='ltr'>valeant</span> <span class='ocrx_word' id='word_1_133' title='bbox 1242 2275 1303 2324; x_wconf 71' lang='lat' dir='ltr'>in</span> <span class='ocrx_word' id='word_1_134' title='bbox 1342 2272 1671 2335; x_wconf 61' lang='lat' dir='ltr'>obliqatio‘ne</span> <span class='ocrx_word' id='word_1_135' title='bbox 1713 2273 1866 2334; x_wconf 74' lang='lat' dir='ltr'>quin-</span> 
     </span>
     <span class='ocr_line' id='line_1_24' title="bbox 202 2350 1921 2414; baseline 0 -16"><span class='ocrx_word' id='word_1_136' title='bbox 202 2352 353 2413; x_wconf 68' lang='lat' dir='ltr'>quies</span> <span class='ocrx_word' id='word_1_137' title='bbox 392 2352 633 2401; x_wconf 71' lang='lat' dir='ltr'>missioni</span> <span class='ocrx_word' id='word_1_138' title='bbox 669 2351 976 2413; x_wconf 68' lang='lat' dir='ltr'>assistendi,</span> <span class='ocrx_word' id='word_1_139' title='bbox 1013 2356 1063 2402; x_wconf 89' lang='lat' dir='ltr'>et</span> <span class='ocrx_word' id='word_1_140' title='bbox 1102 2351 1224 2410; x_wconf 82' lang='lat' dir='ltr'>ejus</span> <span class='ocrx_word' id='word_1_141' title='bbox 1258 2352 1371 2401; x_wconf 89' lang='lat' dir='ltr'>loco</span> <span class='ocrx_word' id='word_1_142' title='bbox 1407 2350 1756 2414; x_wconf 71' lang='lat' dir='ltr'>praescribere</span> <span class='ocrx_word' id='word_1_143' title='bbox 1793 2350 1867 2399; x_wconf 82' lang='lat' dir='ltr'>eis</span> <span class='ocrx_word' id='word_1_144' title='bbox 1917 2382 1921 2386; x_wconf 95' lang='lat'>-</span> 
     </span>
     <span class='ocr_line' id='line_1_25' title="bbox 201 2426 1604 2492; baseline -0.001 -14"><span class='ocrx_word' id='word_1_145' title='bbox 201 2429 351 2479; x_wconf 80' lang='lat' dir='ltr'>aliud</span> <span class='ocrx_word' id='word_1_146' title='bbox 381 2429 535 2492; x_wconf 89' lang='lat' dir='ltr'>pium</span> <span class='ocrx_word' id='word_1_147' title='bbox 566 2445 702 2492; x_wconf 91' lang='lat' dir='ltr'>opus</span> <span class='ocrx_word' id='word_1_148' title='bbox 742 2428 904 2490; x_wconf 89' lang='lat' dir='ltr'>(Pius</span> <span class='ocrx_word' id='word_1_149' title='bbox 934 2429 1051 2485; x_wconf 61' lang='lat' dir='ltr'>IX„</span> <span class='ocrx_word' id='word_1_150' title='bbox 1083 2428 1148 2477; x_wconf 83' lang='lat'>29</span> <span class='ocrx_word' id='word_1_151' title='bbox 1178 2427 1384 2490; x_wconf 78' lang='lat' dir='ltr'>Martii,</span> <span class='ocrx_word' id='word_1_152' title='bbox 1418 2426 1604 2487; x_wconf 82' lang='lat'>1855).</span> 
     </span>
    </p>

    <p class='ocr_par' dir='ltr' id='par_1_7' title="bbox 202 2511 1870 2729">
     <span class='ocr_line' id='line_1_26' title="bbox 272 2511 1866 2575; baseline 0.001 -15"><span class='ocrx_word' id='word_1_153' title='bbox 272 2513 311 2561; x_wconf 59' lang='grc' dir='ltr'>(ἶ</span> <span class='ocrx_word' id='word_1_154' title='bbox 388 2512 461 2563; x_wconf 87' lang='lat' dir='ltr'>Ut</span> <span class='ocrx_word' id='word_1_155' title='bbox 520 2519 764 2575; x_wconf 84' lang='lat' dir='ltr'>tempore</span> <span class='ocrx_word' id='word_1_156' title='bbox 824 2512 1108 2574; x_wconf 72' lang='lat' dir='ltr'>missionis,</span> <span class='ocrx_word' id='word_1_157' title='bbox 1170 2511 1490 2561; x_wconf 75' lang='lat' dir='ltr'>confessarii</span> <span class='ocrx_word' id='word_1_158' title='bbox 1550 2511 1866 2574; x_wconf 71' lang='lat' dir='ltr'>dispensare</span> 
     </span>
     <span class='ocr_line' id='line_1_27' title="bbox 202 2587 1866 2652; baseline -0.002 -14"><span class='ocrx_word' id='word_1_159' title='bbox 202 2590 407 2652; x_wconf 54' lang='lat' dir='ltr'>poss-sint</span> <span class='ocrx_word' id='word_1_160' title='bbox 446 2607 473 2638; x_wconf 79' lang='lat' dir='ltr'>a</span> <span class='ocrx_word' id='word_1_161' title='bbox 510 2608 661 2639; x_wconf 62' lang='lat' dir='ltr'>sacra</span> <span class='ocrx_word' id='word_1_162' title='bbox 700 2590 1072 2639; x_wconf 63' lang='lat' dir='ltr'>communione</span> <span class='ocrx_word' id='word_1_163' title='bbox 1112 2607 1197 2639; x_wconf 71' lang='lat' dir='ltr'>eos·</span> <span class='ocrx_word' id='word_1_164' title='bbox 1230 2589 1492 2650; x_wconf 61' lang='lat' dir='ltr'>infantes,</span> <span class='ocrx_word' id='word_1_165' title='bbox 1527 2588 1618 2651; x_wconf 89' lang='lat' dir='ltr'>qui</span> <span class='ocrx_word' id='word_1_166' title='bbox 1655 2589 1723 2638; x_wconf 89' lang='lat' dir='ltr'>ad</span> <span class='ocrx_word' id='word_1_167' title='bbox 1758 2587 1866 2650; x_wconf 86' lang='lat' dir='ltr'>pri-</span> 
     </span>
     <span class='ocr_line' id='line_1_28' title="bbox 204 2665 1870 2729; baseline -0.001 -14"><span class='ocrx_word' id='word_1_168' title='bbox 204 2685 339 2715; x_wconf 80' lang='lat' dir='ltr'>mam</span> <span class='ocrx_word' id='word_1_169' title='bbox 379 2667 807 2715; x_wconf 63' lang='lat' dir='ltr'>eomumnionvm</span> <span class='ocrx_word' id='word_1_170' title='bbox 849 2667 1088 2715; x_wconf 82' lang='lat' dir='ltr'>nondum</span> <span class='ocrx_word' id='word_1_171' title='bbox 1128 2671 1427 2729; x_wconf 83' lang='lat' dir='ltr'>potuerunt</span> <span class='ocrx_word' id='word_1_172' title='bbox 1466 2665 1699 2715; x_wconf 84' lang='lat' dir='ltr'>admitti.</span> <span class='ocrx_word' id='word_1_173' title='bbox 1741 2682 1870 2727; x_wconf 77' lang='lat' dir='ltr'>pra·-</span> 
     </span>
    </p>
   </div>
  </div>
 </body>
</html>
