2002 3042
950 426 1093 492 ΙΙΙ.

197 591 648 636 FACULTATES
688 592 781 635 EX
821 592 1246 638 COMPENDIO
1289 595 1860 642 PRIVILEGIORUM

632 662 774 707 SOC.
805 663 968 717 JESU
1004 664 1423 709 EXCERPTAE

356 815 549 858 Littera
577 815 627 859 C.
663 816 875 859 remittit
899 816 963 859 ad
987 831 1171 860 novum
1199 790 1553 873 Compendiuffi
1583 820 1693 862 Pri-

320 893 623 946 ·vz'leyiorum,
663 892 788 947 quod
819 893 963 936 habes
987 894 1042 937 in
1073 894 1173 938 Vol.
1204 895 1290 948 III,
1328 896 1590 939 “Instituti
1622 897 1724 940 Soc,

298 962 419 1005 Jesu
456 962 738 1005 Florentiae
772 967 882 1006 1886
894 964 1096 1006 -1891.”
1188 964 1272 1007 Vel
1305 965 1405 1008 Vol.
1443 966 1479 1017 I,
1515 966 1584 1009 ed.
1618 971 1738 1010 1892.

190 1115 652 1174 I.-—Facu1tateS‚
707 1130 808 1178 pro
861 1132 1104 1181 quarum
1153 1133 1261 1167 usu
1313 1118 1503 1168 nullus
1557 1118 1860 1183 requiritur

260 1193 520 1256 specialis
549 1195 619 1243 ad
649 1194 980 1258 Superiores
1007 1211 1297 1246 recursus:

261 1312 306 1360 1.
382 1311 714 1362 Absolvendi
762 1330 792 1362 a
835 1312 1050 1363 casibus
1093 1313 1381 1376 Episcopis
1423 1313 1549 1376 jure
1591 1314 1708 1377 ipso
1752 1332 1856 1364 res-

123 1437 126 1442 ,
189 1387 392 1438 ervatis
439 1388 523 1449 (C.
560 1405 612 1439 n.
651 1389 679 1437 5
716 1395 767 1440 et
804 1389 886 1448 6).
961 1389 1125 1440 Sume
1163 1394 1270 1440 tres
1305 1408 1460 1441 casus
1495 1392 1854 1441 excommuni-

185 1464 387 1516 cationi
417 1465 691 1528 subjectos
719 1483 750 1516 a
780 1466 876 1516 Pio
908 1467 1008 1518 IX.
1045 1467 1273 1518 Constit.
1341 1468 1737 1532 “Apostolioae
1768 1470 1858 1520 Se-

186 1543 319 1594 diff
371 1543 684 1595 Ordinariis
732 1552 1040 1608 reservatae,
1093 1547 1187 1608 qui
1237 1551 1393 1596 sunt:
1446 1548 1490 1596 1.
1542 1547 1858 1610 procuratio

186 1623 424 1685 abortus,
464 1622 661 1673 effectu
699 1628 908 1685 secut03
948 1624 993 1674 2.
1032 1623 1367 1674 matrimonii
1405 1625 1697 1676 attentatio
1732 1632 1853 1689 post

186 1706 373 1750 votum
406 1701 640 1750 solemne
673 1700 783 1751 sive
816 1701 1174 1764 professionis
1206 1701 1468 1764 religiosae
1500 1702 1610 1753 sive
1645 1703 1853 1753 ordinis

185 1777 340 1840 sacri,
374 1779 460 1827 vel
494 1794 616 1827 cum
649 1794 882 1840 persona
914 1778 1013 1828 tali
1046 1785 1171 1828 voto
1204 1778 1402 1841 ligata3
1438 1780 1483 1829 3.
1517 1797 1648 1829 usus
1681 1780 1852 1830 litter-

185 1872 341 1905 arum
374 1854 814 1917 Apostolicarum
854 1855 1136 1908 falsarum.
1172 1856 1358 1916 ejusve
1393 1856 1637 1907 criminis
1670 1874 1852 1920 coope-

185 1931 340 1982 ratic.

254 2037 299 2087 2.
375 2036 712 2087 Absolvendi
743 2042 1067 2101 peragentes
1099 2037 1357 2089 exercitia
1388 2041 1473 2089 vel
1505 2039 1647 2089 diem
1677 2055 1850 2103 praep-

182 2112 446 2164 arationis
476 2115 546 2164 ad
575 2121 804 2164 mortem
834 2132 863 2165 a
895 2115 1109 2165 casibus
1138 2115 1362 2166 cuilibet
1390 2122 1590 2179 praeter
1620 2117 1680 2166 Rs.
1712 2117 1848 2166 Pon-

182 2191 382 2241 tificem
420 2191 725 2254 reservatis,
765 2208 874 2242 non
911 2197 1095 2242 tamen
1135 2210 1165 2242 a
1203 2192 1448 2243 censuris
1483 2199 1535 2243 et
1571 2193 1744 2256 poenis
1783 2195 1846 2244 ab

186 2269 395 2319 bomine
433 2268 560 2319 latis
607 2269 692 2330 (C.
734 2285 785 2320 n.
826 2270 943 2330 10).

254 2358 319 2408 In
358 2358 632 2410 exercitiis
669 2359 993 2409 Monialium
1032 2360 1270 2410 facultas
1308 2360 1408 2411 ista
1451 2361 1644 2411 datur:
1685 2378 1733 2423 α,
1772 2360 1847 2411 di-

182 2436 379 2486 rectori
409 2436 793 2487 exercitiorum
823 2443 874 2488 et
905 2437 952 2500 b,
981 2437 1138 2488 sociis
1166 2455 1195 2488 a
1226 2437 1520 2501 Superiore
1549 2438 1844 2500 adjunctis,

180 2514 223 2564 si
261 2513 417 2564 modo
453 2514 745 2577 approbati
782 2513 890 2564 sint
927 2515 994 2565 ad
1032 2514 1335 2565 audiendas
1371 2514 1688 2565 Monialium
1728 2532 1845 2564 con-

182 2590 455 2641 fessiones.
505 2590 629 2651 (ib.)

253 2688 314 2737 N.
351 2689 643 2738 B.-—Hane
675 2689 996 2739 facultatem
1028 2691 1123 2738 hoe
1151 2706 1201 2740 n.
1233 2690 1277 2743 2,
1309 2689 1541 2754 positam
1571 2707 1695 2752 erga
1727 2708 1844 2754 per-
