2002 3042
187 188 284 235 102
483 188 646 236 MAN
657 187 854 237 UALE
893 188 949 236 J]
955 189 979 235 I
986 189 1024 239 S
1030 189 1099 238 Sl
1106 189 1339 239 ONARI
1347 190 1443 240 ΟΕ
1452 190 1495 239 U
1499 191 1555 238 M

263 383 307 432 6.
385 382 585 432 Utrum
631 383 879 433 sacerdos
923 384 1127 434 habens
1174 384 1495 435 facultatem
1541 385 1856 448 imponendi

190 462 476 523 scapulare
514 461 574 510 B.
616 462 686 511 M.
728 462 791 511 V.
833 462 897 511 de
936 462 1121 513 Monte
1163 462 1425 525 Carmelo,
1465 463 1678 514 sibimet
1717 465 1856 514 illud

190 538 358 601 possit
396 539 709 601 imponere?
784 540 836 590 S.
875 539 932 590 C.
970 540 1189 602 Indulg.
1227 541 1538 603 respondit:
1609 542 1854 591 Affirma-

191 616 316 678 tive‚
347 623 617 679 quatenus
645 618 773 667 haec
802 618 1039 668 facultas
1065 619 1332 668 habeatur
1359 618 1855 681 indiscriminatim,

192 694 412 745 minime
443 712 570 745 vero
603 695 645 745 si
677 695 935 759 taxative‚
969 713 1047 746 ex,
1082 712 1159 758 gr.
1193 713 1294 760 pro
1325 696 1509 759 aliqua
1540 696 1858 746 monialium

192 773 581 824 communitate
607 778 825 823 tantum
853 780 950 824 etc.
1015 775 1078 824 17
1106 773 1296 824 Martii
1324 775 1474 825 1840.

264 865 308 914 7.
384 865 474 913 An
508 864 601 927 qui
634 864 739 915 rite
771 866 932 916 semel
965 864 1231 928 adscripti
1262 865 1319 914 in
1353 865 1712 916 Sodalitatem
1743 882 1859 929 pos-

192 948 277 993 tea
320 943 568 993 habitum
611 943 953 1006 dimiserunt,
997 948 1293 993 teneantur
1333 944 1403 993 ad
1443 960 1639 994 novam
1680 960 1859 1006 recep-

191 1021 429 1071 tionem?
474 1021 526 1071 S.
574 1021 630 1071 C.
677 1021 897 1083 Indulg.
940 1021 1252 1083 respondit:
1329 1021 1610 1083 Negative,
1654 1027 1705 1071 et
1747 1021 1860 1071 suf-

192 1099 303 1149 ficit
341 1105 403 1150 ut
440 1099 689 1149 habitum
727 1115 942 1149 sacrum
980 1099 1086 1162 ipsi
1123 1100 1302 1150 denuo
1339 1105 1619 1149 resumant
1657 1098 1858 1162 simpli-

192 1177 342 1228 citer.

982 1358 1007 1407 I
1018 1358 1078 1409 V.

279 1464 659 1520 RECEPTIO
688 1464 795 1518 AD
825 1449 1644 1520 coNFRATERNITATEM
1673 1462 1775 1518 Ac

629 1547 963 1603 N0M1N1s
992 1546 1428 1603 INSCRIPTIO

269 1676 312 1724 1.
391 1673 648 1737 Receptio
683 1674 752 1724 ad
787 1673 1318 1724 Confraternitatem
1350 1679 1428 1724 est
1463 1674 1527 1724 de
1559 1673 1864 1724 substantia

194 1758 244 1804 et
284 1753 441 1804 debet
478 1752 595 1803 fieri
634 1753 700 1803 ab
738 1753 923 1803 eodem
961 1752 1055 1815 qui
1089 1751 1362 1802 benedicit
1399 1757 1449 1802 et
1484 1751 1717 1815 imponit
1755 1768 1861 1801 sca-

195 1832 403 1894 pulare.

268 1922 313 1971 2.
391 1923 513 1971 Non
562 1923 706 1972 valet
757 1920 994 1984 receptio
1045 1920 1087 1970 si
1138 1920 1231 1971 fiat
1279 1919 1515 1984 simplici
1563 1920 1866 1970 intentione

196 2005 455 2063 concepta
499 1999 695 2062 animo,
736 2000 829 2050 sed
869 1999 1179 2050 adhibenda
1218 2004 1345 2049 sunt
1384 1999 1549 2049 verba
1591 1997 1741 2047 illam
1781 2014 1864 2047 ex-

198 2078 523 2142 primentia:
600 2077 824 2141 Recipio
869 2082 917 2128 te
962 2083 1059 2128 etc.
1101 2082 1164 2127 ut
1206 2076 1486 2126 indicatur
1527 2075 1585 2125 in
1627 2075 1865 2125 formula

198 2155 541 2219 receptionis,
1044 2219 1049 2222 μ

267 2250 312 2298 3.
390 2248 625 2297 Nomina.
659 2247 1021 2309 confratrum,
1057 2246 1161 2296 nisi
1197 2245 1341 2296 adsit
1373 2243 1728 2308 particularis
1763 2243 1864 2294 dis-

197 2326 445 2390 pensatio
495 2326 547 2376 S.
600 2324 771 2388 SediS,
819 2324 1121 2375 necessario
1166 2323 1514 2374 inscribenda
1562 2328 1707 2385 sunt,
1757 2339 1864 2372 non

196 2405 369 2453 solum
408 2409 469 2453 ut
512 2402 888 2471 indulgentias
925 2400 1059 2464 ipsis
1098 2397 1373 2450 concessas
1414 2399 1618 2450 lucrari
1657 2400 1865 2464 possint

197 2499 323 2531 nam
369 2482 421 2533 S.
469 2481 520 2532 S.
566 2481 673 2531 Leo
716 2479 867 2530 XIII
913 2479 999 2530 die
1043 2480 1108 2530 27
1152 2478 1366 2542 Aprilis
1412 2479 1544 2528 1887
1576 2479 1865 2542 dispensa-

196 2561 397 2611 tionem
433 2560 739 2621 generalem
776 2558 973 2610 Ordini
1007 2563 1192 2608 nostro
1226 2575 1255 2608 a
1291 2556 1450 2619 Greg.
1483 2557 1623 2607 XVI
1658 2572 1864 2606 conces-

195 2656 308 2689 sam
350 2637 570 2687 omnino
614 2636 904 2698 revocavit,
949 2637 1043 2687 sed
1086 2635 1249 2686 etiam
1292 2636 1361 2685 ad
1404 2635 1645 2685 validam
1685 2651 1863 2697 recep-

197 2717 397 2767 tionem
436 2715 492 2764 in
531 2714 1063 2765 confraternitatem.
