2002 3042
465 204 833 253 MANUALE
872 199 1529 251 MISSIONARIORUM
1763 199 1826 246 21

177 405 394 460 agentes
439 397 710 459 exercitia,
762 395 1081 458 Superiores
1124 394 1202 444 ita
1249 394 1539 444 extendere
1584 397 1826 455 possunt,

175 482 264 525 ut:
307 476 351 524 1.
393 473 725 523 Missionarii
765 472 827 522 ea
867 472 1131 520 fruantur
1171 487 1298 531 erga
1340 469 1605 532 quoslibet
1644 468 1829 518 fideles

172 552 278 600 “in
306 554 430 601 actu
457 549 777 599 Missiomtm
808 546 1335 610 quarzwnounque’';
1363 546 1408 595 2.
1438 546 1717 595 tradentes
1745 561 1829 594 ex—

176 628 363 678 ercitia
416 627 651 689 sociique
702 643 731 675 a
785 625 1077 688 Superiore
1129 624 1382 685 adjuncti
1435 623 1494 692 eja
1547 623 1825 677 fruantur,

179 721 344 765 quum
394 707 682 765 “tempore
729 704 813 752 vel
860 700 1134 751 occasione
1199 700 1580 750 exercitiorum
1628 699 1832 748 confes-

172 781 345 831 siones
376 779 723 842 excipiunt.''
803 779 1029 840 (Bened.
1082 778 1237 827 XIV.
1308 776 1621 826 “Dedimus
1653 775 1830 825 3(ι110”

177 858 238 905 16
275 857 422 918 Maii,
460 856 636 915 1753.)

246 963 291 1012 3.
360 961 747 1011 Commutandi
773 967 900 1010 vota
927 977 1036 1009 non
1066 965 1355 1021 reservata,
1386 961 1471 1009 vel
1499 959 1829 1020 juramenta,

176 1039 259 1088 vel
294 1038 457 1088 etiam
490 1043 615 1087 vota
650 1037 866 1100 jurata:
903 1038 996 1087 sed
1031 1053 1139 1086 non
1175 1053 1298 1086 cum
1331 1035 1654 1099 praejiidicio
1689 1035 1830 1097 juris

173 1115 337 1165 tert-ii.
417 1114 503 1176 (C.
538 1131 588 1164 n.
627 1114 769 1173 110.)

242 1221 287 1269 4.
361 1219 428 1268 In
464 1217 799 1280 excipiendis
834 1217 1277 1279 confessionibus,
1315 1217 1478 1267 etiam
1513 1217 1571 1266 in
1606 1216 1828 1280 publica

174 1295 411 1356 ecclesia,
458 1295 650 1345 utendi
695 1295 806 1344 sola
853 1294 990 1344 stola
1037 1294 1150 1344 sine
1195 1294 1587 1357 superpelliceo
1644 1293 1730 1355 (C.
1774 1310 1825 1342 n.

175 1372 318 1433 131.)

244 1477 289 1526 5.
390 1476 456 1525 ln
516 1475 983 1525 benedictionibus
1044 1475 1237 1525 utendi
1299 1474 1552 1525 formulis
1612 1474 1828 1537 quibus-

172 1570 401 1616 cumque
428 1552 590 1604 etiam
616 1569 716 1615 pro
743 1552 872 1602 locis
899 1551 1223 1614 specialibus
1249 1557 1467 1602 tantum
1493 1551 1826 1615 approbatis,

174 1630 463 1679 dummodo
503 1629 727 1679 indubie
766 1634 974 1678 constet
1013 1629 1078 1679 de
1118 1628 1511 1692 approbatione
1552 1646 1579 1678 a
1623 1628 1674 1679 S.
1718 1628 1826 1678 Rit.

175 1707 231 1756 C.
261 1706 424 1756 facta.
500 1705 585 1767 (C.
616 1706 696 1767 76,
726 1706 835 1765 77.)

244 1812 288 1860 6.
357 1810 725 1860 Benedicendi
757 1826 953 1872 aquam
987 1810 1038 1860 S.
1075 1809 1295 1871 Ignatii.
1374 1810 1459 1871 (C.
1492 1827 1542 1859 n.
1578 1811 1686 1870 69.)

241 1894 415 1956 Quam
460 1894 782 1943 facultatem
824 1893 881 1942 in
924 1892 1053 1943 locis
1094 1893 1416 1943 Missionum
1463 1893 1833 1957 “Superiores

170 1971 489 2021 Missionum
523 1988 623 2034 pro
659 1970 977 2033 respectivis
1009 1970 1186 2021 locis''
1223 1971 1620 2022 communicare
1654 1977 1831 2034 poter-

173 2056 273 2099 unt
312 2048 447 2099 viris
485 2049 858 2100 ecclesiasticis
896 2049 1244 2099 saecularibus
1284 2049 1340 2099 id
1379 2049 1702 2111 singillatim
1739 2066 1828 2112 pe-

172 2127 428 2186 tentibus,
464 2126 539 2176 ita
573 2130 770 2187 tamen,
805 2131 867 2175 ut
900 2125 982 2174 his
1016 2125 1098 2175 uti
1133 2126 1193 2176 ea
1228 2125 1493 2176 facultate
1527 2143 1635 2176 non
1668 2125 1827 2178 liceat

171 2203 283 2253 sine
314 2219 574 2252 consensu
603 2203 686 2252 sui
718 2202 1000 2253 Ordinarii
1032 2202 1330 2252 dioecesani.

242 2308 286 2356 7.
362 2307 427 2355 In
462 2306 657 2357 itinere
694 2324 758 2356 ex
793 2306 985 2368 quavis
1021 2307 1183 2357 causa
1219 2313 1482 2370 susceptO,
1521 2313 1572 2357 et
1607 2307 1665 2356 in
1700 2306 1826 2357 Mis-

171 2383 411 2433 sionibus
447 2385 533 2434 vel
570 2383 841 2434 exercitiis
877 2385 961 2434 vel
997 2383 1200 2434 triduis
1235 2385 1321 2434 vel
1359 2384 1468 2434 alia
1505 2384 1826 2434 continuata

171 2459 584 2522 praedicatione:
614 2460 923 2511 celebrandi
951 2461 1008 2509 in
1035 2460 1303 2523 oratoriiS‚
1334 2477 1451 2523 quae
1479 2460 1743 2511 exsistant
1768 2460 1825 2510 in

172 2536 421 2586 domibus
461 2535 820 2600 privatorum,
867 2536 980 2587 81110
1024 2537 1347 2600 praejudicio
1391 2537 1728 2601 privilegiati
1774 2544 1825 2588 et

171 2613 333 2662 etiam
366 2612 479 2663 sine
515 2613 635 2672 ejus
668 2613 966 2664 aliorumve
1001 2614 1065 2664 de
1102 2613 1315 2664 familia
1348 2615 1654 2676 praesentia.
1737 2614 1822 2675 (C.

172 2707 220 2738 11.
260 2690 403 2738 429.)
