2002 3042
930 325 1018 388 X.

471 522 563 563 DE
612 519 948 563 MISSIONE
1001 518 1487 561 PARVULORUM

218 669 262 717 1.
338 668 633 729 Nunquam
694 665 993 734 omittenda
1054 670 1131 714 est
1192 663 1371 713 missio
1430 664 1802 726 parvulorum.

148 744 373 794 Parvuli
413 750 540 793 sunt
579 743 672 805 qui
710 743 918 792 scholas
953 741 1245 804 primarias
1283 742 1654 802 frequentant,
1695 740 1805 789 sive

145 821 482 884 parochiales
513 819 623 871 sive
655 820 916 883 publicas

215 926 260 975 2.
337 924 563 975 Parvuli
602 923 1003 986 indulgentiam
1044 923 1347 987 plenariam
1388 921 1655 972 missionis
1697 924 1803 972 lue-

146 1002 258 1052 rari
284 1007 526 1065 possunt.

215 1106 259 1155 3.
335 1106 754 1155 Admoneantur
790 1105 1009 1168 parvuli
1047 1110 1107 1155 ut
1147 1106 1290 1155 domi
1328 1111 1554 1155 narrent
1593 1121 1708 1167 quae
1748 1105 1802 1153 in

144 1182 363 1233 eeclesia
398 1181 745 1232 audiverunt.
822 1182 910 1232 sie
947 1198 1103 1244 saepe
1139 1187 1464 1231 convertunt
1500 1184 1730 1232 adultos.

211 1286 257 1335 4.
332 1286 666 1336 Absolvatur
727 1287 1087 1349 parvulorum
1151 1285 1330 1336 missio
1394 1286 1570 1349 spatio
1632 1287 1803 1336 trium

144 1363 372 1412 dierum.
460 1362 561 1413 Die
614 1363 898 1413 Dominiea
949 1364 1102 1413 nulla
1154 1364 1319 1413 datur
1372 1363 1447 1413 eis
1496 1363 1800 1413 instruotiO.

146 1439 322 1489 Feriis
362 1441 613 1502 secunda,
655 1439 835 1501 tertia,
879 1446 1075 1501 quarta
1118 1440 1209 1490 fiet
1250 1439 1324 1490 eis
1364 1457 1473 1489 una
1515 1440 1804 1490 instructio

142 1522 268 1567 ante
311 1517 605 1567 meridiem.
686 1517 891 1567 Utatur
932 1517 1305 1568 missionarius
1348 1519 1502 1568 modo
1545 1518 1801 1581 loquendi

141 1593 553 1656 simplicissimo,
604 1594 892 1657 parabolis,
944 1594 1456 1658 comparationibus,
1509 1596 1799 1645 historiun-

139 1670 291 1720 culis.
366 1670 472 1721 Ubi
513 1669 692 1721 missio
733 1672 869 1721 duas
907 1672 1142 1722 ineludit
1180 1673 1559 1734 hebdomadas,
1603 1690 1800 1737 parvu-

140 1748 315 1796 lorum
350 1747 529 1798 missio
563 1748 620 1797 in
655 1749 890 1798 secunda
926 1748 1035 1799 fiat.

210 1851 255 1901 5.
332 1851 594 1902 Materiae
629 1853 930 1903 tractandae
964 1859 1118 1903 sunt:
1156 1854 1219 1904 de
1255 1854 1359 1904 fine
1394 1855 1697 1915 creationiS,
1735 1856 1799 1904 de

140 1928 321 1978 anima
360 1930 636 1989 salvanda,
678 1930 742 1979 de
783 1929 1018 1992 peooatis
1056 1932 1443 1993 parvuloru1n3
1484 1932 1694 1994 aliquid
1734 1933 1799 1982 de

140 2010 324 2067 morte,
360 2004 582 2068 judicio,
616 2005 863 2067 infern03
899 2008 962 2057 de
994 2007 1237 2058 oratione
1270 2013 1321 2058 et
1355 2008 1637 2058 devotione
1671 2026 1797 2070 erga

139 2082 200 2132 Β.
237 2082 302 2132 V.
338 2083 426 2144 M„
459 2083 733 2145 Angelum
769 2083 1060 2133 Custodem
1093 2084 1197 2146 &Q
1231 2084 1323 2134 sed
1357 2085 1699 2148 potissimum
1733 2088 1798 2136 de

143 2158 477 2209 confessione
518 2165 579 2209 ut
616 2160 748 2210 bene
787 2159 1100 2222 intelligant
1139 2178 1255 2223 quae
1292 2167 1343 2211 et
1380 2163 1644 2224 quomodo
1682 2179 1800 2212 oon-

140 2235 282 2284 fiteri
316 2236 560 2286 debeant.

210 2333 254 2382 6.
332 2333 391 2383 si
430 2350 656 2385 numero
696 2336 883 2398 plures
923 2341 1052 2386 sunt
1092 2337 1312 2400 parvuli
1355 2337 1529 2388 dividi
1569 2345 1798 2402 possunt

138 2408 195 2457 in
223 2414 447 2460 turmas,

208 2514 253 2563 7.
329 2513 430 2564 Die
455 2514 618 2565 tertia
644 2516 946 2567 audiantur
968 2534 1153 2568 eorum
1179 2518 1555 2570 confessiones.
1604 2522 1797 2572 Plures

138 2589 248 2639 sint
274 2591 590 2641 confessarii
617 2609 683 2643 ne
711 2593 919 2644 diutius
946 2594 1300 2646 detineantur
1325 2598 1561 2659 parvuli.
