2002 3042
444 200 810 249 JIANUALE
850 197 1508 247 31118810ΝΑΕῙΟΗΠΜ
1742 196 1801 245 81

577 391 662 452 Te,
698 389 822 438 fons
850 388 1056 443 salutis
1091 387 1347 449 Trinitas,

566 479 850 529 Collaudet
880 478 1052 528 omnis
1081 477 1337 540 spiritus:

567 569 774 630 Quibus
808 567 982 618 erucis
1016 567 1299 617 viotoriam

564 658 822 720 Largiris,
857 658 994 708 adde
1024 657 1343 719 praemium.
1414 657 1604 706 Amen.

228 775 437 837 Quibus
464 774 700 837 peractis
730 773 1082 837 prosequilm·
1111 772 1385 822 sacerdos:

160 880 220 928 V.
297 880 413 928 Hoe
440 879 656 940 signum
681 877 856 926 erucis
882 877 986 927 erit
1012 876 1068 924 in
1095 877 1254 937 eaelo,

155 969 216 1018 R.
295 968 431 1018 Cum
464 966 729 1017 Dominus
758 968 828 1017 ad
859 966 1222 1028 judicandum
1254 963 1479 1015 venerit.

855 1058 1109 1108 OREMUS.

224 1150 386 1211 Deus
410 1148 502 1211 qui
523 1165 619 1198 nos
639 1147 901 1197 hodierna
924 1146 1010 1196 die
1032 1145 1378 1197 exaltationis
1399 1150 1616 1195 sanetae
1637 1143 1814 1194 erucis

156 1240 495 1306 solemnitate
542 1238 828 1289 laetificas:
877 1243 1095 1301 praesta
1143 1252 1497 1299 quaesumus:
1545 1241 1607 1285 ut
1653 1234 1812 1296 eujus

157 1329 477 1391 mysterium
524 1329 580 1377 in
628 1333 776 1378 terra
824 1327 1186 1389 eognovimus,
1256 1327 1375 1388 ejus
1423 1324 1812 1388 redemptionis

156 1420 397 1482 praemia
440 1419 496 1467 in
538 1420 681 1469 eaelo
720 1435 1037 1468 mereamur.
1115 1419 1220 1467 Per
1260 1418 1490 1467 eundem
1533 1416 1808 1466 Christum

156 1510 449 1559 Dominum
475 1514 737 1558 nostrum.
799 1508 862 1557 R.
925 1508 1115 1557 Amen.

435 1787 871 1831 BENEDICTIO
902 1786 1143 1840 AQUAE
1175 1787 1220 1830 S.
1251 1785 1524 1828 IGNATII

226 1927 490 1978 Omnibus
522 1927 735 1976 Nostris
769 1926 1140 1976 sacerdotibus
1174 1924 1607 1975 communicatur
1643 1922 1812 1971 faoul-

153 2011 238 2055 tas
264 2005 617 2056 benedicendi
647 2021 843 2066 aquam
873 2004 925 2054 S.
957 2002 1161 2065 Ignatii
1190 2003 1487 2052 seeundum
1519 2001 1810 2050 formulam

155 2084 515 2146 approbatam
547 2099 573 2131 a
610 2082 705 2131 Pio
739 2083 796 2132 P.
833 2082 890 2131 P.
927 2081 1026 2143 IX,
1061 2097 1197 2142 quae
1229 2079 1504 2141 sequitur:

294 2186 656 2249 Adjutorium
689 2191 936 2235 nostrum
968 2185 1024 2233 in
1056 2183 1271 2234 nomine
1304 2182 1538 2232 Domini.

292 2277 396 2339 Qui
429 2276 557 2326 feeit
588 2277 794 2325 eoelum
823 2280 875 2326 et
903 2281 1121 2324 terram.

297 2368 379 2418 Sit
409 2385 603 2418 nomen
634 2366 855 2430 Domini
885 2365 1245 2416 benedictum.

293 2459 375 2507 Ex
402 2459 499 2507 hoo
526 2474 672 2507 nuno
699 2462 752 2507 et
776 2473 946 2519 usque
972 2456 1028 2505 in
1055 2457 1344 2506 saeculum.

294 2550 522 2600 Domine
555 2547 751 2599 exaudi
783 2546 1082 2597 orationem
1114 2563 1301 2597 meam.

153 2188 217 2691 aseae<

294 2641 364 2691 Et
394 2642 595 2691 clamor
620 2656 769 2689 meus
796 2639 865 2689 ad
891 2644 943 2688 te
970 2638 1167 2687 veniat.
